4728 5991
882 605 1016 673 234
1643 607 1694 673 1.
1760 607 1812 671 1.
1876 627 2025 670 van·
2091 601 2716 684 oos‘rssnzssss,
2779 605 3187 673 ORATIO.

883 813 1057 914 quid
1126 837 1285 887 vero
1352 812 1444 887 de
1508 837 1623 888 me
1693 811 2018 888 iudicatis
2080 820 2155 886 et
2222 812 2635 912 exspectetis
2699 856 2799 872 —
2869 823 2942 888 et
3005 814 3294 890 fuerunt
3347 815 3532 890 inter
3595 841 3756 904 vos,
3819 817 3948 915 qui

879 934 1153 1032 scriptis
1225 941 1351 1008 aut
1418 957 1537 1008 ore
1606 933 2047 1008 honorificam
2124 932 2212 1007 de
2260 958 2374 1007 me
2429 934 2843 1009 sententiam
2897 934 3070 1009 mihi
3115 935 3586 1034 significarent
3606 994 3627 1024 ,
3678 935 3937 1035 quibus

881 1055 1143 1155 gratias
1188 1079 1324 1152 ago
1372 1078 1584 1152 quam
1634 1052 1975 1128 maximas
2030 1093 2127 1110 —-
2183 1054 2313 1129 hoc
2364 1079 2606 1129 omnes
2648 1054 2942 1129 teneatis
2961 1115 2981 1145 ,
3030 1055 3309 1145 Amici,
3359 1079 3474 1130 me
3517 1056 3620 1131 nil
3661 1079 3942 1157 prorsus

880 1175 972 1250 de
1028 1200 1139 1249 me
1186 1174 1373 1273 ipso,
1424 1174 1659 1250 omnia
1710 1199 1871 1250 vero
1921 1173 2013 1249 ab
2066 1173 2198 1248 hoc
2244 1174 2454 1249 Patre
2507 1184 2902 1277 exspectare
2951 1174 3026 1250 in
3071 1175 3392 1264 Christo,
3442 1176 3570 1275 qui
3603 1200 3719 1250 me
3761 1199 3942 1252 nun-

880 1321 1091 1396 quam
1115 1354 1135 1384 ,
1206 1295 1351 1369 imo
1422 1320 1786 1394 nunquam
1862 1296 2088 1370 solum
2161 1294 2481 1394 reliquit,
2541 1296 2818 1395 Cuique
2879 1295 3084 1371 unice
3149 1305 3512 1395 acceptum
3560 1295 3642 1370 id
3685 1296 3945 1386 refero,

882 1416 1113 1516 quod,
1176 1424 1336 1515 post
1395 1415 1614 1490 varios
1683 1440 1886 1491 casus
1955 1423 2028 1490 et
2096 1423 2201 1490 tot
2248 1415 2650 1490 discrimina
2701 1441 2973 1505 rerum,
3037 1414 3346 1514 profiteri
3394 1440 3558 1491 cum
3607 1417 3946 1516 Apostolo

882 1538 1181 1638 possim:
1250 1537 1451 1636 ἄχρι
1507 1548 1643 1628 τῆς
1706 1542 1997 1637 ἡμέρας
2058 1539 2346 1627 ταύτης
2407 1539 2808 1629 ἕστηκαὶ
2884 1537 2961 1610 Si
3009 1544 3247 1611 autem
3299 1536 3496 1612 Deus
3537 1535 3945 1626 nobiscum,

883 1659 1042 1757 quis
1112 1669 1353 1732 contra
1418 1682 1547 1732 nos
1610 1657 1791 1730 erit?
1890 1656 2090 1730 Illius
2133 1656 2350 1756 igitur
2392 1656 2650 1731 auxilio
2702 1657 3185 1757 potentissimo
3227 1656 3486 1746 fretus,
3535 1655 3612 1730 in
3659 1655 3942 1732 nomine

882 1781 1050 1854 Iesu
1092 1778 1390 1866 Christi,
1439 1777 1787 1852 Ecclesiae
1824 1776 2142 1866 Domini,
2195 1777 2636 1875 designatum
2675 1802 2932 1852 munus
2975 1775 3296 1877 suscipio.
3398 1777 3518 1853 Illi
3543 1777 3942 1852 communia

881 1910 1118 1975 nostra
1164 1897 1429 1986 studia,
1480 1899 1598 1972 Illi
1643 1897 2106 1986 Academiae,
2155 1896 2541 1986 Ecclesiae,
2589 1898 2864 1973 Patriae
2905 1897 3206 1972 salutem
3257 1896 3714 1986 confidimus,
3764 1897 3938 1974 dum

881 2022 995 2122 pie
1066 2044 1462 2119 precamur:
1558 2019 1678 2092 Sol
1738 2019 2097 2107 Iustitiae,
2168 2016 2439 2092 illustra
2489 2020 2650 2092 nos!
2727 2020 2842 2094 Ita
2902 2020 3138 2094 omnia
3175 2018 3408 2094 studia
3458 2027 3696 2094 nostra
3737 2019 3940 2095 Illius

883 2149 1335 2242 promoveant
1380 2139 1708 2240 gloriam3
1758 2139 1858 2215 ita
1897 2145 2235 2240 augeatur
2288 2139 2359 2212 in
2416 2139 2566 2214 dies
2583 2197 2604 2228 ‚
2655 2149 2726 2214 et
2773 2139 3014 2215 floreat
3051 2139 3124 2214 in
3165 2148 3530 2215 aeternum
3573 2139 3946 2216 Musarum

886 2263 1056 2338 haec
1104 2262 1516 2363 pulcerrima
1545 2261 1803 2350 sedes!

2292 3252 2552 3317 nlxl.
