4728 5991
1079 556 1166 621 24
2289 552 2937 619 P.L.RYKE

1077 765 1399 863 Spartam
1461 762 1646 836 enim
1709 783 1920 858 quam
1988 759 2100 834 hic
2148 767 2393 834 nactus
2439 767 2588 834 erat
2632 785 2885 836 ornans
2926 784 3089 835 cum
3134 759 3449 835 omnium
3496 757 3955 835 admiratione
4018 757 4131 833 hic

1077 884 1278 959 facile
1329 880 1724 958 inveniebat
1769 879 2198 956 occasionem
2243 880 2397 954 aliis
2444 881 2666 954 officia
2715 880 3149 980 praestandi,
3200 904 3343 979 quo
3388 903 3597 955 suum
3644 877 3780 954 sibi
3818 878 4135 954 animum

1078 1002 1545 1100 maximopere
1583 1000 1742 1075 ferri
1783 998 2166 1086 sentiebat,
2217 998 2330 1073 hic
2382 999 2635 1074 deinde
2684 1023 2921 1076 secum
2962 998 3271 1074 habebat
3314 1000 3591 1074 dudum
3635 997 3921 1074 intimae
3964 997 4136 1074 ami-

1078 1123 1280 1198 citiae
1341 1121 1616 1196 vinculo
1679 1120 1814 1195 sibi
1872 1119 2320 1193 coniunctum
2379 1142 2893 1208 nauaxnatm,
2960 1118 3085 1219 qui
3144 1127 3377 1194 tamen
3437 1118 3629 1194 iusto
3679 1117 4025 1194 maturius
4068 1126 4140 1193 et

1078 1242 1216 1343 ipsi
1279 1251 1350 1315 et
1424 1241 1668 1314 litteris
1736 1249 2016 1339 ereptus
2081 1247 2220 1325 est3
2289 1238 2401 1313 hic
2451 1239 2755 1339 denique
2776 1299 2796 1328 ,
2861 1238 3053 1338 quod
3100 1245 3263 1314 ante
3308 1238 3541 1314 omnia
3588 1237 3816 1314 fuerat
3864 1262 4126 1314 memo·

1079 1360 1376 1436 randum
1394 1420 1414 1449 ,
1463 1370 1692 1456 tecum
1720 1419 1740 1448 ,
1787 1360 1894 1435 01.
1956 1383 2152 1433 saxa
2173 1417 2192 1446 ,
2251 1359 2628 1435 amicitiam
2684 1359 2967 1448 inierat,
3022 1384 3237 1459 quam
3280 1353 3527 1457 quanti
3560 1357 4027 1434 aestimaveris
4065 1363 4139 1432 te

1079 1483 1310 1581 ipsum
1383 1481 1727 1556 dicentem
1789 1479 2186 1554 audivimus
2250 1479 2323 1551 in
2374 1479 2772 1553 laudatione
2818 1478 3095 1554 funebri
3139 1479 3227 1554 iis
3284 1503 3489 1554 usum
3554 1476 3781 1552 verbis
3802 1535 3825 1564 ,
3876 1476 4137 1575 quibus

1082 1625 1412 1676 clinnum
1481 1625 1772 1674 usurum
1822 1599 2036 1673 fuisse
2088 1598 2557 1696 suspicamur,
2612 1597 2669 1672 si
2719 1598 2871 1699 ipse
2926 1597 3059 1672 tibi
3112 1607 3463 1698 superstes
3510 1598 3602 1673 ad
3646 1606 3849 1671 tuum
3903 1605 4139 1671 tumu-

1083 1721 1230 1795 lum
1285 1719 1610 1795 stetisset.

1182 1841 1346 1914 Non
1417 1837 1613 1912 facile
1681 1861 1981 1912 carerem
2053 1838 2583 1936 reprehensione
2654 1845 2879 1914 vestra
2899 1896 2918 1926 ,
2983 1838 3363 1930 Auditores
3382 1896 3402 1925 ,
3471 1836 3531 1912 si
3594 1836 3917 1936 equidem
3940 1895 3961 1924 ,
4021 1835 4144 1934 qui

1087 1959 1250 2034 huic
1288 1959 1404 2034 rei·
1431 1983 1544 2032 me
1585 1959 1789 2057 plane
1835 1957 2170 2057 imparem
2207 1981 2360 2032 esse
2402 1959 2665 2046 sentio,
2713 1957 3053 2032 iudicium
3096 1957 3273 2032 ferre
3315 1957 3731 2032 sustinerem
3774 1956 3865 2030 de
3907 1954 4101 2030 libris
4120 2013 4142 2043 ,

1087 2104 1265 2179 quos
1335 2101 1640 2152 annuus
1705 2077 1930 2151 edidit
1997 2078 2089 2151 ad
2141 2078 2549 2176 explicanda
2598 2077 3042 2177 antiquarum
3090 2071 3475 2153 litterarum
3528 2083 3981 2152 monumenta
3999 2108 4018 2163 ;
4066 2073 4140 2148 in

1086 2199 1341 2274 nostris
1418 2206 1650 2272 tamen
1719 2196 1969 2272 litteris
2037 2197 2211 2295 quid
2286 2198 2709 2296 praestiterit
2786 2198 2845 2272 si
2914 2197 3107 2272 brevi
3174 2197 3412 2273 dixero
3430 2254 3451 2285 ,
3521 2195 3719 2272 facile
3786 2194 3999 2282 mihi,
4064 2201 4145 2268 ut

1088 2320 1367 2419 opinor,
1437 2317 1849 2392 concedetis„
1953 2317 2114 2390 Non
2179 2316 2705 2406 obliviscamur,
2758 2296 3018 2423 qu'aqso
3041 2377 3060 2405 ,
3134 2340 3463 2392 annuum
3512 2315 3769 2404 fuisse,
3836 2315 3963 2414 qui
4016 2337 4143 2390 nos

1088 2439 1266 2540 prim
1275 2463 1357 2513 us
1435 2435 1828 2513 admirabili
1898 2436 2202 2536 quadam
2276 2437 2607 2513 facilitate
2680 2438 2821 2512 stili
2900 2436 3207 2513 beaverit
3267 2443 3339 2510 et
3408 2435 3785 2510 orationem
3840 2437 4143 2510 nostram

1090 2559 1478 2635 liberaverit
1527 2558 1747 2633 otiosa
1802 2557 1942 2631 ista
1992 2564 2066 2630 et
2115 2583 2296 2657 quae
2350 2558 2465 2632 vix
2516 2559 2901 2657 quidquam
2954 2555 3304 2633 varietatis
3354 2555 3751 2631 admitteret
3795 2561 4149 2654 compacta

1085 2679 1424 2780 gravitate
1442 2736 1463 2766 ‚
1534 2702 1711 2776 quae
1783 2686 1989 2752 antea
2049 2677 2192 2751 fere
2265 2677 2336 2751 in
2410 2679 2605 2752 omni
2669 2677 3060 2779 scriptionis
3125 2701 3377 2777 genere
3433 2675 3958 2763 dominabatur;
4008 2697 4145 2750 non

1087 2799 1577 2874 obliviscamur
1653 2821 1782 2872 nos
1865 2821 1905 2870 e
1990 2819 2242 2870 onnmr
2317 2797 2725 2896 praesertim
2784 2798 3058 2897 scriptis
3129 2797 3507 2886 didicisse,·
3554 2794 4147 2896 quemadmodum

1086 2917 1330 3016 lingua
1393 2922 1630 2990 nostra
1691 2913 2024 2989 concedat
2075 2921 2148 2988 et
2193 2922 2531 3015 angustos
2579 2916 2749 2992 istos
2794 2915 3153 3017 gravitatis
3199 2917 3373 2991 fines
3418 2916 3747 2990 excedere
3792 2923 3865 2990 et
3910 2921 4145 2991 tamen

1091 3036 1426 3113 concinne
1473 3036 1716 3110 festiva
1766 3034 2150 3133 decoreque
2203 3036 2519 3114 scribere.

1191 3157 1520 3230 Gaurus
1545 3213 1564 3244 ‚
1641 3154 1832 3253 quod
1911 3155 2117 3230 multi
2183 3182 2387 3257 saepe
2454 3157 2864 3245 doluerunt,
2938 3157 3167 3232 nullas
3236 3157 3520 3232 omnino
3588 3163 3818 3256 partes
3879 3154 4025 3255 egit
4073 3154 4171 3229 in·

1093 3275 1530 3350 institutione
1599 3275 1990 3351 academica
2006 3335 2026 3364 ,
2097 3283 2169 3350 et
2229 3283 2463 3352 tamen
2515 3276 2587 3352 in
2640 3276 2883 3353 multis
2930 3276 3200 3352 civibus
3244 3274 3655 3353 academicis
3674 3335 3696 3366 ‚
3744 3274 4145 3375 praesertim

1094 3395 1531 3484 melioribus,
1603 3420 1778 3493 quos
1841 3395 2298 3472 libentissime
2337 3398 2599 3475 circum
2648 3424 2721 3475 se
2765 3396 3109 3486 habebat,
3160 3422 3243 3473 ea
3288 3422 3609 3498 spargere
3649 3395 3879 3497 potuit
3918 3393 4171 3471 erudi--

1093 3513 1307 3588 tionis
1348 3513 1942 3613 humanitatisque
1987 3517 2253 3592 semina
2271 3574 2292 3605 ,
2356 3518 2615 3617 quibus
2666 3518 2769 3592 vis
2818 3517 3087 3617 ingenii
3129 3516 3485 3617 animique
3529 3517 3731 3592 ardor
3774 3516 4146 3591 efflorescat

1095 3658 1374 3709 necesse
1422 3641 1560 3723 est;
1615 3634 1804 3733 quod
1851 3658 1938 3707 ex
1989 3634 2116 3709 hoc
2165 3635 2316 3733 ipso
2363 3634 2513 3709 loco
2558 3635 2955 3735 nuperrime
2994 3642 3611 3711 commemoratum
3656 3642 3764 3711 est
3808 3631 4146 3710 eiusmodi

1097 3753 1324 3829 verbis
1343 3814 1363 3843 ,
1409 3778 1590 3852 quae
1631 3754 1943 3829 omnium
1995 3754 2264 3830 animos
2314 3755 2829 3831 commoverint.
2906 3757 3056 3831 Nec
3100 3754 3229 3829 hoc
3280 3762 3557 3830 tantum
3596 3755 3777 3833 valet
3822 3755 3911 3829 de
3957 3753 4143 3828 iuve-

1096 3873 1346 3961 nibus;
1421 3875 1546 3948 sed
1605 3898 1950 3950 summam
2000 3874 2191 3950 illam
2244 3900 2426 3975 quae
2472 3874 2547 3950 in
2602 3899 2870 3953 annno
2915 3878 3137 3953 inerat
3187 3875 3695 3951 humanitatem
3740 3882 3812 3949 et
3852 3874 4143 3950 benevo-

1099 3985 1386 4060 lentiam
1445 4009 1688 4061 omnes
1754 3988 2039 4062 omnino
2101 3998 2419 4089 expertos
2490 4014 2641 4065 esse
2688 3990 3009 4066 novimus
3057 3992 3270 4068 etiam
3320 4002 3592 4070 exteros
3611 4053 3632 4085 ,
3682 4018 3979 4091 quorum
4028 3992 4150 4091 qui

1098 4104 1451 4203 paulisper
1523 4105 1729 4180 modo
1793 4106 1864 4179 in
1935 4106 2085 4182 eius
2145 4110 2465 4186 notitiam
2527 4111 2915 4200 venissent,
2968 4137 3177 4211 quam
3237 4140 3473 4191 carum
3528 4138 3691 4190 eum
3738 4114 4143 4201 habuerint,

1101 4248 1308 4323 saepe
1373 4223 1508 4323 ipsi
1582 4225 2117 4304 declaraverunt.
2239 4230 2465 4305 Huius
2532 4240 2768 4307 autem
2828 4240 2976 4308 tam
3050 4233 3421 4333 singularis
3496 4234 4015 4311 benevolentiae
4074 4235 4145 4310 in

1100 4366 1344 4417 omnes
1361 4401 1383 4432 ‚
1465 4368 1642 4441 quae
1716 4344 2116 4421 adiunctam
2185 4346 2489 4422 habebat
2557 4350 2896 4424 urbanam
2966 4350 3402 4427 dicacitatem
3428 4410 3447 4441 ‚
3513 4352 3761 4428 iniusti
3818 4354 4036 4430 simus
4088 4352 4146 4429 si

1101 4463 1440 4563 originem
1527 4465 1991 4563 quaerendam
2069 4474 2475 4566 putaremus
2546 4468 2619 4542 in
2689 4469 3075 4567 cupiditate
3145 4472 3465 4571 placendi
3480 4505 3499 4560 ;
3569 4473 3712 4548 imo
3783 4497 3941 4550 vero
4010 4498 4145 4548 non

1101 4583 1319 4659 alium
1375 4583 1764 4660 amabilitas
1825 4585 1944 4663 illa
2005 4586 2252 4663 habuit
2307 4588 2610 4664 fundum
2662 4589 2799 4664 nisi
2844 4590 2919 4663 in
2974 4590 3093 4666 illa
3139 4592 3601 4692 generositate
3647 4617 3858 4692 quam
3911 4618 4145 4694 parere

1103 4702 1279 4778 solet
1353 4726 1554 4778 verus
1626 4704 1840 4780 animi
1914 4707 2206 4797 candor,
2287 4733 2499 4809 quem
2552 4710 2677 4809 qui
2730 4708 2943 4785 habet
2964 4770 2984 4800 ,
3063 4712 3272 4789 huius
3334 4714 3641 4789 fructum
3690 4714 3953 4790 nemini
4007 4738 4145 4790 non
