4728 5991
1858 581 2418 656 ORATIO.
3539 587 3672 657 257

624 785 783 863 licos
803 845 825 878 ,
874 795 1223 864 caeterum
1268 795 1651 864 statuentes
1670 849 1691 881 ,
1740 789 1813 866 in
1856 790 2281 892 expositione
2336 792 2701 870 Sacrarum
2745 794 3168 870 Litterarum
3227 816 3666 872 communem

621 907 931 984 omnium
998 915 1394 984 sanctorum
1458 915 1766 984 veterum
1842 909 2373 1012 intelligentiam
2418 913 2880 989 certissimum
2919 913 3270 1013 Theologo
3322 925 3670 1012 praestare

618 1037 1107 1125 argumentum
1178 1027 1269 1104 ad
1346 1026 1795 1129 Theologicas
1870 1031 2279 1106 assertiones
2342 1031 2878 1109 corroborandas
2898 1093 2920 1123 ,
2991 1041 3062 1108 et
3131 1032 3626 1108 contendentes
3643 1092 3666 1124 ,

621 1169 857 1220 omnes
906 1148 1198 1222 Sanctos
1242 1149 1483 1222 Patres
1523 1149 1737 1223 simul
1774 1149 1845 1222 in
1890 1149 2056 1224 fidei
2101 1149 2428 1249 dogmate
2467 1175 2690 1226 errare
2732 1177 2874 1228 non
2919 1177 3144 1252 posse.

711 1267 1003 1343 Tantam
1050 1267 1535 1343 auctoritatem
1577 1269 2048 1344 Protestantes
2089 1293 2476 1370 numquam
2515 1270 2840 1348 Patribus
2879 1273 3294 1348 tribuerunt.
3372 1270 3664 1347 Luran-

618 1409 749 1464 nus
793 1387 1149 1463 interdum
1195 1386 1285 1462 de
1320 1388 1407 1462 iis
1450 1388 1725 1462 locutus
1768 1397 1907 1477 est,
1950 1413 2031 1464 ac
2068 1388 2131 1463 si
2170 1413 2288 1464 eos
2328 1396 2800 1464 contemneret
2825 1397 2916 1466 ‘et
2953 1415 3080 1491 pro
3106 1391 3324 1466 nihilo
3348 1391 3662 1479 duceret,

610 1527 980 1582 aasnmmr
1031 1505 1293 1582 nullius
1344 1506 1683 1582 momenti
1720 1505 2111 1597 bominem,
2162 1530 2660 1584 ursaonnnm
2713 1508 3066 1586 hominem
3113 1509 3375 1584 nullius
3421 1507 3665 1582 iudicii

612 1623 717 1699 vel
764 1624 1206 1725 diligentiae,
1274 1624 1731 1714 haereticum,
1798 1637 2269 1726 corruptorem
2321 1627 2539 1703 totius
2595 1628 2964 1729 Euangelii
2983 1686 3004 1718 ,
3071 1650 3662 1703 cnarsosroumr

607 1743 961 1842 garrulum
1030 1745 1409 1845 appellans.
1510 1745 1785 1820 Acerbo
1840 1753 1912 1820 et
1976 1746 2215 1846 iniquo
2278 1746 2442 1822 huic
2510 1745 2768 1822 indicio
2831 1747 3120 1824 minime
3185 1747 3658 1822 Protestantes

606 1887 845 1940 omnes
916 1864 1400 1964 subscripsere.
1522 1865 1783 1940 Contra
1797 1923 1818 1953 ,
1890 1864 1963 1938 in
2026 1864 2256 1939 Libris
2324 1864 2720 1965 symbolicis
2791 1865 3162 1942 honorifice
3233 1866 3660 1942 mentionem

608 1981 917 2058 fecerunt
964 1983 1053 2057 de
1098 1983 1389 2060 Patrum
1435 1984 1761 2084 operibus
1782 2041 1805 2072 ,
1870 1984 2003 2058 etsi
2046 2007 2325 2060 omnem
2368 1985 2458 2060 iis
2497 1985 2976 2061 auctoritatem
3021 1986 3468 2085 denegantes.
3567 1985 3658 2060 In

604 2103 923 2178 For-mula
962 2106 1355 2180 concordiae
1401 2103 1611 2202 legim
1620 2127 1699 2177 us
1716 2160 1736 2191 ,
1802 2102 2093 2178 Patrum
2142 2103 2396 2204 scripta
2429 2104 2656 2179 Sacris
2699 2103 2984 2180 Litteris
3025 2129 3468 2205 nequaquam
3503 2127 3658 2180 esse

604 2223 1113 2324 aequiparanda
1133 2282 1155 2315 ,
1220 2225 1345 2300 sed
1401 2223 1719 2299 universa
1784 2221 1921 2298 illis
1982 2222 2085 2298 ita
2146 2247 2297 2298 esse
2366 2222 2836 2312 subiicienda,
2897 2233 2979 2300 ut
3041 2247 3204 2300 non.
3235 2223 3657 2322 recipiantur

598 2343 731 2418 nisi
793 2347 1060 2419 testium
1128 2344 1313 2433 loco,
1378 2343 1502 2442 qui
1556 2341 1882 2430 doceant,
1949 2366 2091 2441 qua
2148 2343 2414 2418 ratione
2472 2349 2632 2442 post
2679 2343 3172 2443 Apostolorum
3219 2353 3532 2443 tempora
3578 2349 3654 2417 et

491 2518 497 2523 -
600 2463 671 2538 in
714 2463 975 2562 quibus
1021 2463 1341 2564 partibus
1388 2462 1577 2538 orbis
1625 2463 1936 2539 doctrina
1982 2462 2099 2536 illa
2134 2463 2638 2562 Prophetarum
2675 2470 2748 2537 et
2779 2462 3272 2564 Apostolorum
3325 2461 3652 2537 sincerior

592 2592 989 2659 conservata
1028 2585 1140 2659 sit.
1240 2584 1529 2684 Belgica
1584 2583 1929 2678 Confessio
1948 2568 1957 2576 ’
1976 2583 2220 2656 statuit
2241 2639 2261 2670 ,
2322 2605 2486 2656 cum
2531 2580 2805 2656 Divinis
2853 2581 3226 2682 Scripturis
3271 2581 3462 2655 nulla
3509 2581 3648 2656 alia

593 2701 989 2792 hominum,
1040 2702 1403 2802 quantavis
1444 2702 1807 2779 sanctitate
1854 2701 2353 2801 praeditorum,
2404 2701 2696 2802 scripta,
2745 2701 3016 2776 nullam
3067 2698 3646 2776 consuetudinem

590 2845 715 2896 nec
784 2821 1310 2899 multitudinem
1390 2822 1601 2898 ullam
1622 2881 1645 2912 ,
1711 2846 1839 2896 nec
1904 2821 2431 2920 antiquitatem,
2501 2845 2732 2920 neque
2802 2829 3196 2920 temporum
3263 2819 3639 2920 praescrip-

591 2940 886 3031 tionem,
935 2966 1163 3043 neque
1210 2965 1658 3044 personarum
1704 2940 2203 3019 successionem
2223 3000 2243 3031 ,
2293 2965 2524 3041 neque
2559 2941 2845 3017 concilia
2888 2940 3030 3017 ulla
3048 3001 3068 3032 ,
3112 2939 3307 3017 nulla
3341 2939 3642 3039 denique

586 3060 949 3137 hominum
1014 3062 1292 3138 decreta
1360 3070 1485 3139 aut
1554 3070 1820 3138 statuta
1884 3061 2299 3137 conferenda
2362 3061 2907 3161 comparandave
2970 3086 3144 3137 esse.
3243 3062 3644 3136 Memoratu

585 3177 923 3279 imprimis
996 3181 1211 3283 digna
1229 3241 1249 3272 ,
1327 3206 1507 3281 quae
1584 3182 1915 3281 leguntur
1992 3181 2065 3257 in
2160 3182 2592 3278 Confessionc
2663 3181 3026 3257 Helvetico
3044 3192 3080 3269 ,'
3143 3179 3400 3255 scilicet
3471 3178 3640 3256 haec

584 3298 823 3375 verba:
930 3330 968 3371 ιι
986 3301 1149 3377 Νοιι
1224 3325 1673 3401 aspernamur
1736 3301 2147 3376 Sanctorum
2218 3301 2510 3375 Patrum
2589 3300 3012 3375 Graecorum
3088 3298 3638 3397 Latinorumque

582 3414 1177 3518 interpretationes
1261 3444 1489 3519 neque
1560 3420 2013 3519 reprobamus
2074 3420 2452 3495 eorundem
2507 3419 3012 3519 disputationes
3065 3442 3147 3493 ac
3195 3418 3636 3493 tractationes

577 3558 809 3613 rerum
872 3564 1217 3615 sacrarum
1271 3564 1431 3615 cum
1502 3540 1874 3640 Scripturis
1936 3541 2450 3616 consentientes
2472 3596 2495 3627 ,
2543 3564 2588 3614 a
2639 3537 2904 3637 quibus
2955 3544 3188 3611 tamen
3242 3535 3632 3611 recedimus

576 3656 887 3733 modeste
905 3715 928 3749 ,
977 3658 1261 3758 quando
1309 3660 1533 3734 aliena
1584 3684 1625 3733 a
1670 3660 2043 3759 Scripturis
2084 3668 2207 3735 aut
2253 3659 2363 3733 his
2403 3656 2742 3733 contraria
2785 3654 3054 3731 adferre
3100 3654 3630 3753 deprehendun-

576 3782 691 3851 tur
716 3834 733 3851 .
764 3835 783 3853 .
812 3834 831 3853 .
859 3836 878 3854 .
945 3778 1215 3855 Eodem
1282 3779 1357 3855 in
1423 3778 1665 3855 ordine
1734 3780 2157 3855 collocantur
2226 3778 2440 3853 etiam
2505 3774 2950 3851 conciliorum
3017 3772 3456 3847 definitiones
3519 3772 3630 3849 vel

574 3898 945 3972 canones.'’

670 4014 811 4090 Sed
864 4018 1207 4117 rogaverit
1246 4018 1421 4093 forte
1471 4020 1665 4117 quis:
1744 4048 1781 4089 ιι
1799 4019 1947 4094 Cur
1988 4025 2069 4093 tu
2117 4015 2374 4116 igitur,
2428 4014 2596 4090 haec
2648 4012 2709 4087 si
2751 4012 2851 4086 ita
2897 4019 3064 4087 sunt
3082 4070 3104 4101 ,
3154 4008 3364 4086 verba
3401 4008 3624 4087 facere

580 4134 681 4207 vis
716 4134 806 4208 de
854 4136 1231 4238 Theologia
1276 4138 1673 4214 Christiana
1716 4139 1805 4213 ab
1858 4136 2267 4213 auctoritate
2311 4135 2603 4210 Patrum
2649 4130 3286 4207 Ecclesiasticorum
3341 4152 3623 4229 prorsus

574 4252 947 4331 liberanda.
1046 4256 1299 4333 Nonne
1366 4281 1945 4359 supervacaneum
2018 4263 2127 4331 est
2197 4254 2284 4329 de
2350 4258 2764 4352 argumento
2831 4273 3036 4350 agere
3101 4258 3249 4325 tam
3308 4247 3620 4324 obsoleto

573 4370 796 4472 deque
844 4398 919 4448 re
966 4381 1111 4449 tam
1160 4376 1287 4451 diu
1334 4376 1573 4477 agnita
1593 4378 1676 4451 ?”

666 4491 989 4567 Concedo
1061 4494 1381 4571 lubenter
1398 4554 1419 4586 ,
1486 4522 1599 4572 me
1670 4520 1809 4572 non
1853 4494 2047 4594 loqui
2097 4492 2187 4569 de
2232 4516 2307 4567 re
2359 4514 2540 4566 nova
2586 4496 2798 4589 atque
2842 4487 3178 4565 inaudita.
3279 4486 3614 4561 Attamen

570 4612 993 4686 monendum
1012 4672 1033 4702 ‚
1100 4615 1571 4691 Protestantes
1640 4591 1859 4715 aeque
1922 4638 2003 4689 ac
2056 4609 2804 4687 Romano-Catholicos
2859 4607 2996 4683 sibi
3038 4631 3177 4682 non
3223 4606 3614 4683 constitisse

568 4750 641 4802 re
694 4729 1015 4829 factoque
1074 4732 1147 4807 in
1212 4734 1301 4811 iis
1320 4792 1341 4826 ,
1391 4760 1573 4836 quae
1620 4734 1709 4809 de
1760 4734 2051 4811 Patrum
2103 4728 2512 4808 auctoritate
2559 4726 2812 4803 elocuti
2861 4734 3046 4805 sunt.
3145 4725 3213 4801 A
3259 4726 3606 4801 Romano-

2350 4859 2367 4871 ”
3167 4846 3262 4917 38
