4728 5991
1898 524 2555 639 ORAT10.⁴
3611 568 3695 639 m

651 803 816 857 nem
855 775 1307 878 contemplari
1323 834 1345 867 ,
1397 776 1660 876 quique
1699 775 2062 853 observare
2103 778 2324 854 valeat
2353 786 2427 855 et
2457 778 2532 853 in
2562 802 2645 853 eo
2675 802 2855 878 quae
2885 775 3276 852 observavit
3304 782 3661 877 penetrare
3676 836 3697 867 ,

650 900 804 1000 ipsa
847 896 1323 997 proximorum
1370 894 1640 971 dierum
1689 894 1929 971 docuit
1976 896 2283 975 historia.
2380 898 2527 973 Res
2570 898 2831 974 scilicet
2876 903 2984 973 est
3027 896 3389 973 notissima
3429 897 3701 998 Anglos

653 1017 974 1118 inprimis
1017 1015 1346 1093 oblectari
1391 1024 1642 1093 natura
1681 1014 1968 1117 Alpium
1989 1075 2010 1107 ,
2061 1024 2396 1118 tantoque
2430 1016 2655 1119 magis
2679 1016 3040 1123 oblectari,
3073 1041 3213 1118 quo
3239 1016 3498 1093 maiora
3537 1025 3704 1092 sunt

655 1137 1000 1240 pericula,
1050 1160 1230 1236 quae
1283 1134 1638 1211 minantur
1682 1134 1770 1211 iis
1793 1194 1814 1225 ‚
1867 1135 1993 1236 qui
2036 1136 2108 1214 in
2155 1162 2431 1214 summa
2471 1124 2907 1214 adscendunt
2931 1136 3273 1213 montium
3302 1137 3703 1228 cacumina,
3802 1160 3808 1165 ·

659 1265 941 1335 aeterna
1002 1256 1161 1333 nive
1228 1262 1300 1331 et
1361 1254 1584 1355 glacie
1651 1263 1986 1333 contecta.
2087 1257 2509 1359 Nuperrime
2578 1258 2788 1334 etiam
2861 1256 3165 1332 Londini
3230 1257 3552 1333 instituta
3601 1265 3710 1332 est

661 1376 950 1455 societas
969 1434 990 1465 ,
1060 1374 1264 1451 cuius
1333 1373 1508 1449 socii
1574 1372 1704 1449 hoc
1775 1374 1909 1449 sibi
1973 1384 2484 1476 proposuerunt
2501 1434 2522 1466 ,
2590 1382 2669 1450 ut
2726 1384 2987 1452 aestate
3032 1402 3156 1478 per
3200 1402 3363 1453 suas
3409 1376 3709 1477 quisque

661 1496 868 1573 ferias
939 1494 1222 1570 visitent
1298 1492 1674 1569 altissimas
1753 1515 1994 1571 eorum
2063 1495 2408 1571 montium
2476 1502 2747 1595 partes,
2819 1496 3047 1571 hieme
3115 1505 3351 1573 autem
3404 1496 3586 1571 inter
3637 1521 3713 1571 se

670 1614 1187 1693 communicent
1251 1637 1434 1714 quae
1505 1612 1582 1687 in
1641 1611 1732 1688 iis
1788 1604 2461 1717 peregrinationibus
2532 1614 2761 1691 videre
2821 1616 3208 1717 contigerit.
3309 1616 3504 1691 Inter
3558 1616 3713 1691 dili·

663 1736 1109 1838 gentissimos
1127 1714 1378 1810 'socios
1427 1740 1838 1810 numeratur
1851 1793 1872 1826 ‚
1925 1736 2050 1835 qui
2102 1760 2286 1812 unus
2337 1744 2446 1812 est
2496 1760 2535 1811 e
2580 1736 3139 1835 praeclarissimis
3157 1796 3179 1827 ‚
3242 1761 3419 1836 quos
3458 1734 3719 1836 Anglia

665 1879 852 1931 nunc
899 1854 1112 1930 habet
1167 1852 1488 1952 physicos
1509 1910 1530 1942 ,
1593 1877 1804 1953 quem
1855 1878 1986 1931 nec
2035 1856 2343 1955 pericula
2382 1853 2643 1956 quibus
2688 1856 3156 1933 circumdatur
3202 1882 3331 1933 nec
3377 1856 3717 1933 amoenis-

680 1976 857 2052 sima
927 1973 1318 2075 spectacula
1383 1979 1672 2049 naturae
1739 1974 2000 2073 quibus
2063 1974 2450 2051 oblectatur
2471 2033 2492 2065 ,
2554 1999 2635 2051 eo
2685 1976 2936 2052 ducere
2990 1977 3217 2053 valent
3235 2035 3256 2066 ,
3314 1984 3395 2053 ut
3444 1975 3723 2081 oblivis-5

670 2101 888 2183 catur,
927 2092 1098 2194 quid
1148 2091 1256 2167 vel
1300 2092 1372 2167 in
1421 2091 1532 2168 his
1581 2091 1748 2169 locis
1790 2093 2234 2194 physicarum
2278 2119 2513 2172 rerum
2560 2094 2869 2171 studium
2924 2096 3142 2197 possit
3183 2096 3453 2173 lucrari.
3553 2098 3729 2171 Prae

671 2213 998 2291 omnibus
1041 2212 1194 2289 aliis
1240 2212 1452 2289 rebus
1494 2212 1598 2289 vir
1632 2214 1954 2313 egregius
1995 2214 2587 2290 animadversione
2626 2214 2920 2317 dignum
2972 2217 3282 2308 censuit,
3330 2217 3503 2318 quid
3546 2224 3730 2293 esset

671 2359 813 2435 quo
883 2333 1211 2410 immensi
1277 2332 1380 2408 illi
1443 2332 1676 2433 campi
1733 2332 2054 2434 glaciales
2076 2392 2097 2424 ,
2169 2359 2347 2433 quos
2413 2334 2536 2409 nix
2606 2334 2859 2412 format
2917 2338 2991 2411 in
3065 2336 3461 2427 montibus,
3530 2336 3731 2437 paul-

677 2460 874 2537 latim
940 2460 1015 2535 in
1067 2484 1327 2537 massas
1377 2458 1716 2560 compacti
1737 2518 1758 2549 ‚
1808 2460 2206 2537 deferantur
2251 2460 2326 2536 in
2374 2460 2603 2536 valles.
2673 2458 2835 2532 Non
2882 2455 3179 2531 dubium
3227 2442 3379 2533 esse
3422 2464 3733 2557 poterat,

561 2656 568 2661 .
673 2580 846 2683 quin
903 2578 1081 2655 radii
1149 2580 1312 2657 solis
1371 2603 1699 2680 magnam
1745 2578 1887 2656 vim
1932 2586 2296 2657 exerceant
2315 2637 2338 2669 ,
2410 2578 2537 2656 ubi
2581 2579 2655 2656 in
2706 2575 3001 2678 glaciem
3050 2576 3256 2649 istam
3310 2575 3738 2667 deciderint,

673 2724 804 2775 nec
844 2697 1080 2775 minus
1125 2698 1572 2775 manifestum
1620 2705 1808 2789 erat,
1856 2699 2030 2800 quid
2075 2698 2527 2777 tribuendum
2578 2699 2669 2775 sit
2713 2696 2927 2774 radiis
2972 2694 3217 2773 caloris
3266 2693 3392 2795 qui
3440 2694 3742 2771 vicissim

674 2824 890 2895 noctu
931 2842 972 2893 e
1014 2816 1234 2918 glacie
1277 2818 1720 2897 emittantur.
1819 2820 2160 2897 Restabat
2209 2826 2447 2896 autem
2490 2818 2804 2919 quaestio
2823 2876 2844 2908 ,
2896 2840 3112 2917 quam
3160 2814 3299 2891 vim
3349 2812 3425 2889 in
3472 2820 3745 2891 utrum·

676 2963 814 3041 que
887 2938 1240 3016 radiorum
1307 2963 1534 3042 genus
1601 2944 1996 3018 exercerent
2059 2943 2181 3016 aer
2225 2943 2298 3014 et
2347 2962 2571 3038 aquae
2616 2959 2847 3038 vapor.
2949 2935 3069 3012 Ad
3116 2934 3297 3011 hanc
3336 2940 3423 3010 ut
3462 2956 3745 3035 respon-

683 3060 880 3136 deret
941 3082 1402 3137 musanus
1417 3120 1438 3151 ‚
1511 3059 1990 3161 longissimam
2048 3058 2357 3135 instituit
2407 3057 3034 3159 experimentorum
3082 3055 3327 3133 seriem
3350 3113 3373 3147 ,
3425 3080 3605 3157 quae
3652 3055 3745 3134 ad

697 3185 989 3256 eventus
1029 3179 1382 3256 duxerunt
1424 3179 1714 3256 minime
1761 3185 2212 3281 exspectatos.
2296 3180 2359 3254 E
2404 3178 2664 3278 quibus
2708 3203 2928 3255 unum
2970 3177 3365 3253 nominasse
3411 3176 3743 3266 sufficiat3

686 3297 1184 3376 demonstravit
1232 3300 1422 3376 enim
1470 3301 1751 3376 odorem
1774 3358 1795 3389 ,
1851 3322 2063 3397 quem
2106 3298 2308 3374 flores
2353 3297 2725 3389 emittunt,
2788 3298 2959 3399 ipsis
3001 3297 3289 3374 floribus
3330 3320 3482 3372 esse
3540 3295 3745 3396 quasi

697 3419 989 3518 pallium
1035 3425 1276 3495 contra
1323 3418 1546 3519 frigus
1593 3428 2034 3495 nocturnum.

781 3536 925 3612 Sed
993 3546 1118 3614 aut
1185 3539 1491 3638 turpiter
1536 3538 1794 3639 ingrati
1841 3538 2062 3614 simus
2101 3544 2226 3614 aut
2271 3539 2727 3616 confiteamur
2772 3562 3051 3614 necesse
3100 3544 3243 3627 est,
3294 3559 3699 3638 progressus
3718 3596 3739 3628 ,

684 3656 809 3757 qui
864 3656 936 3732 in
992 3658 1204 3734 rebus
1258 3658 1567 3759 physicis
1612 3659 1778 3736 facti
1831 3667 2031 3748 sunt,
2081 3683 2409 3759 magnam
2456 3666 2723 3760 partem
2770 3657 3179 3734 tribuendos
3230 3681 3380 3732 esse
3434 3655 3736 3744 meliori,

686 3777 776 3853 ad
833 3802 1048 3878 quam
1093 3778 1494 3855 mechanica
1541 3779 1841 3878 practica
1892 3778 2022 3854 hoc
2073 3787 2382 3880 tempore
2424 3779 2760 3879 perducta
2806 3786 2949 3866 est,
2996 3775 3395 3852 conditioni.
3496 3775 3735 3850 Notis-

689 3896 944 3974 simum
1005 3905 1114 3973 est
1131 3955 1152 3987 ,
1196 3921 1406 3998 quam
1449 3897 1837 3976 incredibili
1881 3899 2228 3976 celeritate
2279 3897 2401 3973 lux
2444 3903 2865 3998 propagetur
2882 3955 2903 3987 ,
2952 3895 3068 3972 cui
3110 3894 3395 3994 quidem
3440 3894 3532 3970 ad
3580 3902 3731 3970 tan·

690 4024 840 4092 tum
907 4016 1212 4116 spatium
1236 4076 1257 4107 ,
1329 4025 1636 4118 quantus
1702 4025 1808 4094 cst
1872 4019 2088 4094 totius
2156 4025 2377 4094 terrae
2422 4015 2753 4092 circuitus
2768 4076 2789 4107 ‚
2854 4014 3395 4117 percurrendum
3442 4014 3736 4091 sufficiat

689 4135 800 4211 vel
869 4145 1111 4214 octava
1161 4162 1322 4239 pars
1363 4139 1739 4239 particulae
1787 4140 1993 4216 horae
2013 4196 2036 4230 ,
2083 4162 2262 4238 quae
2308 4137 2613 4214 secunda
2670 4145 2968 4213 vocatur.
3073 4135 3268 4211 Haec
3306 4141 3541 4210 autem
3586 4143 3729 4211 stu-

690 4257 925 4356 penda
988 4256 1301 4334 celeritas
1342 4284 1480 4335 non
1530 4258 1784 4336 mirum
1835 4267 1944 4335 cst
1988 4258 2180 4359 quod
2223 4257 2527 4334 effecerit
2544 4317 2565 4346 ,
2611 4264 2691 4333 ut
2742 4256 2911 4332 satis
2949 4255 3075 4331 diu
3116 4255 3381 4356 opinati
3426 4256 3565 4330 sint
3610 4255 3731 4331 ho-

692 4373 916 4450 mines
933 4433 954 4464 ‚
1003 4398 1156 4452 eam
1207 4376 1494 4452 omnino
1543 4400 1682 4454 non
1732 4400 1934 4478 posse
1984 4376 2256 4454 definiri
2306 4376 2381 4452 in
2428 4376 2652 4476 spatio
2666 4435 2687 4466 ‚
2732 4376 2924 4476 quod
2959 4376 3236 4475 planeta
3286 4399 3497 4474 quem
3536 4373 3733 4450 habi-

693 4500 927 4570 tamus
995 4495 1470 4594 suppeditaret
1487 4547 1508 4586 ,
1577 4498 1700 4573 sed
1745 4497 2046 4597 spatium
2067 4556 2088 4589 ,
2137 4498 2230 4573 ad
2281 4498 2474 4598 quod
2523 4496 2890 4572 referretur
2940 4494 3414 4593 quaerendum
3464 4519 3613 4570 esse
3662 4494 3737 4568 in

697 4611 1056 4690 Universo.
1125 4615 1376 4693 Paucis
1425 4639 1558 4716 ego
1612 4616 1864 4693 abhinc
1914 4617 2114 4694 annis
2162 4616 2443 4693 Parisiis
2494 4640 2715 4716 quum
2746 4638 3009 4703 essem,
3059 4611 3341 4689 interfui
3368 4612 3739 4688 conventui

699 4723 1120 4810 Academiae
1167 4733 1626 4812 scientiarum
1645 4795 1666 4826 ,
1713 4737 1786 4812 in
1831 4762 1971 4836 quo
2017 4735 2252 4813 andivi
2301 4735 2824 4813 celeberrimum
2880 4756 3284 4810 annocum
3329 4731 3735 4808 referentem
