4728 5991
1852 595 2415 666 ORATIO.
3523 601 3653 669 145

605 805 670 866 in
717 805 780 864 al
831 804 1006 864 lan-en
1057 821 1316 880 enemy,
1377 805 1515 864 door
1567 822 1628 865 a.
1682 819 1842 864 uon.
1877 821 1944 866 en
1978 825 2036 868 c.
2076 821 2204 868 vm
2241 821 2457 880 annm,
2512 805 2624 867 duo
2666 806 2839 868 edidit
2878 827 3047 890 opera
3085 809 3379 891 primaria,
3412 803 3659 891 ‘quorum

607 907 838 968 altorum
891 904 1248 966 inscribitur:
1305 907 1610 968 Hoeudboek
1660 912 1749 967 tot
1799 909 1867 968 de
1915 911 2028 970 laer
2081 910 2184 970 der
2231 912 2485 970 lechem
2521 928 2628 971 ean
2661 909 3001 986 yeeonffes'd
3030 929 3099 972 en
3136 911 3313 973 sickle
3328 957 3345 988 ,
3384 915 3619 974 alterum
3636 935 3655 974 ε

604 1011 880 1070 Emboek
931 1009 1032 1068 der
1083 1008 1443 1084 aereqtelip‘ke
1497 1011 1880 1083 emal-ande.
1959 1011 2194 1094 Scripsit
2251 1018 2537 1093 praeterea
2588 1011 2658 1072 de
2716 1012 2991 1091 contagiis
3044 1015 3221 1076 acutis
3235 1061 3252 1089 ,
3308 1015 3381 1078 de
3432 1016 3657 1078 cholera

607 1111 892 1184 Asiatica,
934 1109 1008 1172 de
1045 1111 1250 1172 balneo
1287 1109 1539 1183 marino,
1582 1110 1653 1172 de
1691 1112 1836 1175 aliis.
1955 1169 1964 1176 ,

686 1213 771 1289 ⁸¹)
845 1214 1224 1276 Genaunes
1275 1229 1645 1274 rnnnmons
1696 1221 2012 1290 nficnnnn,
2077 1215 2682 1288 Beinhemia·Hassus,
2734 1237 2883 1280 anno
2944 1219 3099 1282 1790
3142 1223 3337 1291 natus,
3394 1239 3522 1280 eum
3572 1217 3655 1279 rei

605 1316 854 1379 medicae
891 1315 1120 1377 militari
1157 1314 1462 1376 destinatus
1503 1321 1648 1376 esset
1661 1360 1677 1389 ,
1735 1319 1976 1397 primum
2014 1324 2210 1398 patruo
2223 1363 2240 1393 ,
2299 1319 2635 1400 peritissimo
2676 1319 3067 1401 Campensium
3106 1319 3325 1382 medico
3368 1321 3657 1400 eidemque

606 1425 912 1484 Anatomes
973 1425 1031 1482 et
1093 1419 1422 1497 Chirurgiae
1479 1419 1706 1482 Lectori
1767 1419 1828 1480 in
1887 1419 2238 1502 disciplinam
2296 1420 2562 1494 traditus,
2624 1419 2825 1482 deinde
2876 1423 2937 1482 in
2994 1422 3301 1484 Academia
3354 1423 3656 1500 Lugdune-

604 1525 820 1587 Batava
863 1523 1060 1584 studiis
1098 1539 1324 1602 operam
1361 1520 1532 1582 dedit.
1613 1525 1786 1584 Anno
1828 1524 1901 1587 17
1909 1525 1986 1584 96
2027 1522 2292 1584 interiore
2310 1569 2324 1598 ,
2390 1526 2461 1586 17
2470 1528 2544 1584 99
2587 1541 2717 1584 vero
2756 1523 2955 1584 altiore
2996 1523 3285 1602 dignitatis
3324 1523 3501 1602 gradu
3542 1543 3659 1586 me-

605 1625 744 1687 dicis
797 1624 1130 1686 militaribus
1179 1622 1484 1704 adscriptus
1499 1667 1516 1696 ,
1569 1623 1784 1685 duobus
1835 1624 1998 1686 annis
2049 1631 2178 1706 post
2229 1626 2292 1686 in
2347 1626 2706 1688 universitate
2758 1625 3191 1704 wurzburgensi
3244 1627 3559 1688 Medicinae
3598 1629 3658 1688 et

607 1727 938 1806 chirurgiae
977 1726 1192 1786 Doctor
1231 1729 1444 1786 creahis
1483 1731 1586 1788 est.
1667 1728 1833 1788 Salvo
1873 1727 2090 1788 honore
2129 1749 2164 1788 a
2201 1726 2406 1789 militia
2444 1727 2705 1789 dimissus
2742 1726 2877 1789 inde
2915 1728 2987 1790 ab
3032 1749 3179 1790 anno
3226 1733 3385 1790 1802
3426 1748 3552 1789 cum
3590 1728 3656 1788 in

605 1829 830 1892 civitate
885 1825 1158 1889 Goudaua
1171 1872 1186 1899 ,
1245 1828 1344 1888 ubi
1397 1826 1742 1888 domicilium
1793 1830 2187 1903 collocaverat,
2244 1836 2367 1891 tum
2406 1829 2467 1889 in
2508 1829 2667 1910 pagis
2707 1834 2765 1891 et
2804 1830 3025 1912 oppidis
3064 1830 3260 1892 vicinis
3300 1837 3478 1892 artem
3518 1831 3660 1890 salu-

603 1939 782 1994 tarem
833 1931 1046 2012 optimo
1097 1949 1225 1992 cum
1277 1948 1530 1991 successu
1583 1929 1877 1992 factitavit.
1958 1931 2212 1994 Praetico
2265 1951 2397 2014 prae
2436 1932 2625 1992 multis
2661 1931 2891 2009 ingenio
2932 1930 3211 2013 praeditus
3226 1977 3247 2010 ‚
3300 1932 3537 1992 eminuit
3572 1931 3663 1991 in-

601 2034 796 2117 primis
855 2032 1120 2112 singulari
1181 2052 1309 2093 cum
1331 2045 1346 2063 ·
1369 2031 1740 2110 diagnostices
1754 2079 1770 2108 ,
1827 2039 1949 2095 tum
2001 2035 2174 2096 etiam
2224 2034 2627 2116 therapeutica
2680 2033 2893 2116 peritia.
2972 2035 3175 2114 Neque
3220 2035 3399 2112 aegris
3439 2040 3659 2095 tantum

565 2135 892 2210 ‘curandis,
956 2136 1054 2196 sed
1109 2135 1280 2196 etiam
1341 2134 1500 2195 libris
1558 2135 1864 2196 scribendis
1913 2135 2187 2217 variisque
2237 2135 2561 2198 muneribus
2612 2135 2909 2214 fungendis
2958 2155 3059 2217 per
3108 2138 3338 2214 longam
3386 2155 3659 2197 annorum

605 2239 810 2301 seriem
849 2237 922 2299 de
963 2238 1188 2299 civitate
1225 2257 1394 2318 quam
1432 2237 1640 2317 optime
1677 2237 1908 2298 meritus
1947 2242 2050 2298 est.
2134 2237 2179 2297 E
2221 2237 2440 2320 scriptis
2456 2282 2471 2311 ‚
2526 2257 2761 2318 quorum
2799 2238 2959 2318 plura
2996 2237 3257 2319 praemiis
3296 2243 3493 2300 ornata
3530 2243 3661 2298 sunt

605 2361 644 2402 a
688 2340 1068 2402 doctrinarum
1107 2341 1462 2401 societatibus
1479 2384 1497 2412 ,
1535 2339 1734 2420 quibus
1771 2338 2078 2420 adscriptus
2117 2345 2238 2400 erat
2253 2385 2270 2414 ,
2311 2339 2569 2421 inprimis
2607 2339 2819 2400 laudari
2854 2346 3138 2400 merentur
3172 2340 3663 2402 commentationes

601 2443 678 2505 de
731 2443 1022 2525 praesidiis
1037 2487 1054 2516 ,
1109 2442 1311 2521 quibus
1347 2461 1524 2502 noxae
1563 2441 1836 2521 praeverti
1875 2441 2091 2522 possint
2129 2463 2166 2504 a
2204 2441 2338 2504 solis
2374 2460 2569 2528 recens
2606 2441 2895 2502 exsiccatis
2932 2441 3261 2502 metuendae
3299 2441 3477 2522 deque
3516 2460 3663 2502 mor·

603 2545 696 2606 bis
750 2546 814 2606 in
873 2543 1180 2605 Hollaudia
1231 2542 1648 2624 septentrionali
1694 2541 1828 2604 inde
1866 2543 2004 2605 ortis
2019 2589 2036 2618 ,
2088 2544 2198 2606 alia
2232 2542 2302 2605 de
2343 2548 2503 2605 motu
2538 2542 2927 2604 intestinorum
2966 2542 3421 2624 antiperistaltico
3435 2588 3452 2617 ,
3493 2549 3660 2623 atque

599 2667 744 2730 opus
775 2645 1097 2728 primarium
1115 2689 1132 2718 ,
1173 2644 1266 2706 cui
1300 2644 1523 2707 titulus:
1567 2646 1975 2724 Genoeskundiy
2014 2648 2320 2708 Hmdboek
2355 2665 2491 2708 οσον
2532 2646 2855 2723 beqimmde
2892 2643 3411 2722 kunetoqt'emrenfl
3488 2646 3661 2706 Anno

599 2753 764 2810 1855
823 2747 1074 2810 defuncti
1126 2746 1454 2810 memoriam
1509 2755 1904 2812 conservarunt
1945 2750 2172 2829 cognati
2211 2749 2469 2830 gratique
2508 2747 2677 2810 amici
2716 2750 2899 2810 statua
2939 2747 3198 2829 ponenda
3234 2746 3297 2808 in
3337 2746 3658 2810 nosocomio

597 2850 902 2913 Goudano.

683 2953 766 3034 ⁸²)
828 2952 1168 3014 menaeus
1222 2969 1468 3014 neonus
1527 2969 1908 3020 mecum
1923 3000 1940 3031 ,
1994 2974 2136 3018 nnus
2175 2975 2248 3017 ex
2286 2953 2747 3018 aestimatissimis
2763 3000 2780 3028 ,
2825 2973 2965 3036 quos
3004 2952 3215 3017 Leidae
3257 2953 3431 3016 habui
3449 2998 3465 3027 ,
3508 2971 3664 3035 prae·
3796 3004 3800 3008 .

601 3054 952 3137 captoribus,
1007 3073 1157 3116 anno
1212 3058 1368 3119 1771
1429 3055 1661 3136 Delphis
1717 3058 2059 3120 Batavorum
2111 3062 2276 3121 natus
2294 3103 2310 3132 ,
2366 3063 2657 3139 postquam
2694 3056 2757 3117 in
2798 3056 3104 3119 Academia
3144 3054 3666 3135 Lugduno·Batava

601 3158 922 3221 Medicinae
978 3158 1194 3219 Doctor
1246 3164 1462 3219 creatus
1517 3163 1665 3232 erat,
1721 3159 2039 3221 eorumdem
2091 3180 2158 3221 ac
2209 3160 2493 3223 triumviri
2531 3158 2785 3241 proxime
2824 3160 3119 3221 memorati
3162 3158 3538 3240 professorum
3576 3158 3665 3220 di-

601 3260 844 3342 scipulus
859 3305 876 3333 ,
943 3259 1177 3338 triginta
1228 3261 1346 3322 tere
1398 3280 1574 3321 annos
1625 3266 1803 3323 artem
1851 3262 2144 3325 salutarem
2193 3265 2256 3325 iu
2310 3263 2447 3325 urbe
2500 3261 2679 3345 patria
2715 3262 3023 3337 factitavit,
3080 3260 3248 3342 idque
3282 3281 3492 3340 magno
3532 3280 3661 3324 cum

603 3362 811 3425 civium
869 3363 1146 3444 applausu.
1229 3366 1398 3424 Anno
1453 3366 1615 3424 1824
1669 3380 1994 3438 xnaussm,
2046 3366 2169 3427 vire
2211 3365 2549 3439 clarissimo,
2604 3362 2859 3427 suffectus
2915 3364 2979 3426 iu
3033 3364 3257 3438 eadem,
3298 3382 3441 3446 quae
3476 3364 3659 3445 ipsum

603 3465 822 3528 foverat
840 3510 856 3539 ,
899 3465 1258 3528 universitate
1295 3464 1628 3527 medicinam
1665 3466 1856 3527 docuit
1869 3511 1884 3540 ,
1925 3467 2105 3530 donec
2136 3469 2330 3530 aetatis
2361 3487 2527 3529 causa
2558 3467 2693 3529 rude
2730 3464 3051 3529 donaretur.
3101 3466 3263 3528 Obiit
3296 3486 3443 3528 anno
3480 3469 3663 3529 1852.

604 3568 712 3629 Vir
763 3568 872 3629 tuit
909 3567 1296 3645 integerrimus
1313 3612 1330 3642 ,
1383 3568 1572 3629 multis
1607 3568 1822 3647 ingenii
1861 3568 2086 3632 dotibus
2123 3574 2401 3633 excellens
2414 3616 2431 3645 ,
2474 3550 2719 3633 medicus
2762 3576 2821 3631 et
2861 3568 3335 3652 pharmaceuticus
3376 3568 3661 3648 experien-

605 3668 850 3732 tissimus
863 3715 881 3743 ,
935 3668 1096 3748 agilis
1112 3714 1128 3743 ,
1183 3669 1376 3731 hilaris
1390 3714 1406 3743 ,
1464 3670 1662 3732 doctor
1713 3671 2056 3733 academicus
2106 3671 2411 3734 industrius
2424 3718 2439 3745 ,
2496 3672 2733 3754 scriptor
2786 3672 3060 3752 copiosus.
3138 3670 3363 3730 Praeter
3401 3666 3661 3728 disserta-

606 3771 820 3833 tionem
855 3774 924 3833 de
954 3774 1158 3834 vomitu
1169 3818 1188 3847 ,
1229 3792 1342 3853 qua
1381 3792 1626 3833 summos
1662 3772 1724 3833 in
1763 3772 2042 3835 medicina
2078 3774 2320 3836 honores
2359 3779 2683 3835 consecutus
2715 3778 2833 3847 est,
2875 3769 3403 3833 commentationem
3436 3766 3660 3848 scripsit

607 3873 674 3934 de
711 3876 862 3935 lenta
899 3880 959 3934 et
994 3874 1217 3954 difficili
1253 3873 1554 3935 dentitione
1567 3918 1584 3947 ,
1625 3896 1770 3957 quae
1807 3876 2112 3959 praemium
2147 3876 2451 3957 reportavit
2490 3875 2561 3937 ab
2603 3874 2904 3937 Academia
2934 3872 3091 3951 regia
3126 3869 3475 3933 Hadritensi.
3518 3869 3664 3931 Cum

607 3972 782 4037 doctt.
835 3992 896 4035 A.
951 3992 1078 4037 vm
1133 3992 1456 4037 armum
1505 3994 1770 4039 Lmscms
1789 4024 1804 4051 ,
1861 3998 1916 4041 ο.
1971 3996 2031 4041 e.
2075 3996 2288 4041 earm)
2337 3984 2397 4041 et
2449 3996 2499 4041 s.
2550 3992 2676 4039 van
2716 3990 3043 4039 namara
3081 3973 3341 4035 horreum
3379 3970 3660 4034 medicum

607 4074 782 4139 edidit
835 4075 1052 4154 belgice
1103 4076 1318 4138 dictum
1361 4079 1763 4157 Genuam&
1799 4079 2122 4157 Muqasir‘n,
2167 4082 2256 4141 cui
2293 4082 2479 4162 plures
2518 4078 2755 4141 inseruit
2798 4074 3213 4139 observationes
3252 4096 3288 4137 a
3327 4080 3505 4137 semet
3542 4073 3664 4157 ipso

606 4178 804 4241 factas.
885 4178 1076 4239 Etiam
1125 4184 1248 4241 aeta
1285 4179 1564 4241 societatis
1603 4182 1942 4255 Hernanae,
1995 4180 2086 4243 cui
2121 4180 2345 4243 titulus:
2402 4182 2523 4243 Vis
2562 4182 2722 4243 unita
2762 4179 3007 4261 fortior,
3049 4198 3123 4241 ne
3160 4178 3232 4241 de
3270 4177 3395 4240 aliis
3432 4179 3657 4259 loquar,

607 4282 898 4343 continent
935 4280 1206 4361 quaedam
1247 4280 1714 4362 Macqualiniana.
1794 4283 1885 4347 cf.
1926 4300 1986 4346 a.
2023 4300 2076 4345 s.
2117 4300 2375 4347 vnum
2414 4281 2615 4347 Oratio
2630 4327 2647 4358 ,
2692 4302 2803 4365 qua
2842 4282 3223 4361 magistratum
3262 4280 3660 4343 Academicum

607 4382 891 4467 deposuit,
933 4384 996 4445 in
1035 4388 1188 4448 Anu.
1227 4384 1402 4447 Aead.
1447 4389 1872 4447 1852-1853,
3172 4444 3180 4446 ,

692 4486 770 4568 ⁸⁸)
827 4488 1146 4549 Hmmcus
1187 4504 1549 4551 nameus
1589 4504 1871 4549 ‘rnnssm
1886 4532 1902 4561 ,
1938 4488 2467 4551 Amstelodamensis
2481 4534 2497 4563 ,
2526 4487 2763 4571 primum
2798 4486 3078 4549 Athenaei
3091 4529 3108 4561 ,
3144 4484 3295 4567 quod
3324 4482 3661 4564 metropolin

611 4596 774 4651 ornat
787 4634 806 4664 ,
861 4589 1062 4651 deinde
1114 4589 1450 4652 Academiae
1502 4589 2046 4669 Lugduno·Batavae
2097 4591 2515 4672 probatissimus
2563 4592 2817 4653 alumnus
2830 4634 2847 4665 ,
2902 4588 2966 4649 in
3000 4587 3248 4671 physicis
3286 4602 3626 4648 smnnmo
3640 4628 3659 4659 ,

613 4690 674 4752 in
725 4690 956 4755 medicis
1004 4691 1260 4773 inprimis
1307 4708 1532 4755 nonme
1547 4739 1564 4768 ,
1621 4710 1910 4755 vnomuo
1923 4736 1940 4768 ,
1995 4710 2318 4757 naamam
2358 4693 2803 4777 praeceptoribus
2843 4711 2973 4753 usus
2986 4734 3005 4767 ,
3059 4710 3207 4751 anno
3249 4692 3409 4750 1810
3450 4684 3660 4747 Leidae

618 4792 932 4858 Medicinae
980 4794 1178 4857 doctor
1229 4800 1444 4859 creatus
1499 4798 1604 4859 est.
1683 4798 1882 4857 Artem
1936 4796 2181 4859 aereuit
2235 4796 2671 4871 Amstelodami,
2724 4812 2907 4875 neque
2964 4791 3212 4856 exercuit
3258 4792 3509 4863 tantum,
3562 4784 3664 4851 sed
