4728 5991
1143 614 1228 678 88
2099 609 2487 676 SERIES
2552 608 3213 679 LECTIONUM.

1337 817 1722 894 Historiam
1771 815 2122 892 doctrinae
2179 815 2613 894 Christianae
2662 819 2922 907 tradet,
2974 816 3087 892 die
3136 815 3379 892 Lunae
3398 875 3786 906 ......
3878 821 4043 896 hora
4099 822 4134 893 I
4158 879 4179 908 ,

1531 950 1600 1013 et
1649 936 1764 1012 die
1811 936 2098 1025 Martis,
2165 993 3784 1015 .......................
4077 940 4175 1014 ΙΙ.

1334 1057 1786 1134 Orationibus
1855 1057 2080 1133 Sacris
2119 1065 2517 1156 praeerunt
2580 1072 2633 1133 Ι.
2673 1071 2754 1132 Η.
2794 1049 3215 1132 SCHOLTEN
3232 1113 3249 1142 ,
3304 1071 3378 1131 A.
3420 1069 3791 1144 KUENEN,

1333 1193 1380 1251 Ι.
1422 1193 1471 1251 1.
1513 1190 1743 1251 PRINS
1785 1187 1856 1252 et
1895 1187 1963 1249 L.
2007 1189 2080 1250 G.
2125 1191 2194 1252 Ε.
2233 1189 2804 1252 RAUWENHOFF
2824 1235 2841 1262 ,
2884 1177 3132 1254 diebus
3190 1188 3261 1253 et
3302 1177 3491 1253 horis
3532 1178 3668 1253 sibi
3718 1187 3794 1255 et

1432 1297 1844 1373 candidatis
1915 1297 2330 1398 Theologiae
2404 1299 2823 1388 commodis;
2894 1343 2997 1360 -
3063 1298 3340 1398 publice
3390 1299 3795 1399 disputandi

1429 1417 2034 1494 exercitationibus
2053 1475 2072 1506 ,
2123 1417 2237 1493 die
2288 1416 2577 1493 Veneris
2604 1471 3795 1507 .................
4078 1421 4173 1494 ΙΙ.

1137 1912 1198 1974 P.
1243 1911 1316 1972 O.
1358 1911 1524 1970 VAN
1565 1909 1724 1969 DER
1767 1908 2018 1979 OHIJS,
2087 1896 2291 1971 titulo
2363 1896 2776 1971 Professoris
2852 1896 3393 1972 Extraordinarii
3460 1905 3745 1974 ornatus
3765 1954 3785 1985 ,

1231 2015 1812 2092 Numismaticam
1859 2015 2312 2090 universalem
2357 2015 2674 2104 docebit,
2726 2016 2975 2092 diebus
3016 2025 3087 2092 et
3126 2017 3311 2092 horis
3330 2075 3350 2105 ,
3401 2017 3525 2116 qui
3561 2017 3785 2120 Audi·

1235 2137 1500 2213 toribus
1550 2135 1978 2212 convenient.
2283 2144 2298 2154 ‘

1129 2271 1181 2329 Ι.
1227 2273 1296 2332 A.
1338 2266 1808 2338 BOOGAABD,
1854 2255 2048 2332 Med.
2094 2254 2338 2343 Doct.‚
2387 2256 2747 2330 Prosector
2786 2257 3091 2355 primus,
3158 2255 3605 2330 Anatomiam
3658 2279 3777 2354 pa-

1229 2375 1647 2476 thologicam
1703 2373 2020 2466 docebit,
2072 2375 2186 2450 die
2237 2376 2423 2450 Iovis
2444 2435 2464 2464 ,
2528 2433 2547 2451 .
2604 2435 2621 2450 .
2676 2429 3785 2451 ................
3866 2374 4165 2449 II—IV.

1320 2495 1766 2573 Anatomiam
1819 2496 2208 2595 generalem
2233 2555 2252 2584 ,
2321 2495 3029 2571 demonstrationibus
3081 2493 3579 2593 microscopicis
3626 2493 3784 2568 illu-

1417 2623 1703 2691 stratam
1727 2675 1748 2706 ,
1799 2623 2136 2715 exponet,
2189 2615 2302 2692 die
2359 2616 2655 2692 Veneris
2675 2671 3780 2705 ................
3864 2612 4159 2688 II—IV.

1319 2736 1684 2812 Exercitiis
1724 2735 2043 2835 practicis
2087 2737 2158 2810 in
2205 2735 2621 2837 Microscopi
2669 2760 2801 2812 usu
2849 2735 3176 2836 praeerit,
3228 2733 3413 2808 horis
3442 2733 3771 2807 auditori-

1168 2905 1184 2920 ·
1416 2856 1551 2929 bus
1600 2855 2006 2930 commodis.

1128 2987 1195 3047 O.
1235 2989 1306 3045 A.
1347 2987 1421 3047 X.
1464 2985 1538 3046 G.
1579 2985 1645 3047 F.
1689 2985 2118 3057 SICHERER,
2159 2967 3161 3065 LiterarumfGermanicarum
3193 2973 3441 3049 Lector
3460 3032 3479 3064 ‚
3532 2973 3781 3049 selecta

1224 3094 1619 3195 principum
1662 3094 2034 3168 Poetarum
2085 3095 2635 3193 germanicorum
2674 3096 2979 3172 carmina
3013 3094 3444 3196 interpretari
3490 3100 3771 3195 paratus

1229 3221 1376 3302 est,
1445 3213 1654 3289 simul
1721 3213 1796 3287 id
1859 3222 2175 3303 acturus,
2247 3225 2325 3290 ut
2398 3216 2507 3291 his
2585 3216 2755 3315 ipsis
2824 3215 3157 3317 exemplis
3222 3214 3406 3291 varia
3473 3214 3769 3289 Poeseos

1224 3358 1477 3434 genera
1526 3334 1822 3435 explicet
1871 3334 2328 3413 auditoribus.

1123 3468 1186 3527 P.
1231 3465 1336 3525 DE
1375 3466 1414 3525 J
1417 3466 1586 3526 ONG
1602 3510 1618 3539 ,
1660 3454 2050 3530 Literarum
2086 3456 2518 3533 Persicarum
2560 3466 2629 3533 et
2665 3457 3108 3534 Turcicarum
3142 3456 3412 3544 Lector,
3454 3454 3763 3553 linguam

1226 3572 1572 3649 Persicam
1611 3583 1682 3649 et
1724 3574 2084 3651 Turcicam
2127 3575 2403 3652 docebit
2444 3600 2561 3652 eos
2583 3635 2604 3666 ,
2653 3577 2777 3676 qui
2811 3576 2897 3651 iis
2932 3600 3209 3677 operam
3246 3598 3495 3651 navare
3531 3571 3767 3649 velint.
