4728 5991
1131 596 1260 662 152
2444 573 3009 686 (3.1,οΝορ

1136 806 1336 886 partim
1393 805 1452 865 in
1503 806 1792 868 Athenaeo
1846 808 2056 888 patrio,
2113 809 2310 889 partim
2363 809 2423 868 in
2482 809 2783 872 Academia
2829 810 3339 888 Lugduno-Batava
3386 811 3581 874 studiis
3620 833 3847 894 operam
3887 812 4071 886 dedit,
4108 814 4165 876 in

1135 907 1380 990 physicis
1427 925 1979 972 nusscnnnnaonxn
1995 956 2012 984 ,
2065 911 2124 970 in
2164 909 2395 973 medicis
2429 919 2693 984 nocam,
2736 931 3006 975 caurum
3044 913 3310 994 huiusque
3350 919 3763 996 praeceptorum
3804 915 4061 994 egregius
4090 915 4168 976 di·

1137 1011 1394 1093 scipulus.
1476 1016 1642 1072 Anno
1713 1017 1864 1076 1763
1881 1059 1897 1086 ‚
1959 1013 2184 1074 defensa
2239 1014 2623 1076 dissertatione
2676 1017 3029 1078 celeberrima
3079 1018 3147 1077 de
3188 1016 3685 1078 wamiam
3720 1021 4167 1092 moranum,

1136 1113 1364 1174 summis
1418 1113 1476 1172 in
1529 1113 1804 1176 medicina
1857 1115 2160 1176 honoribus
2213 1123 2467 1190 ornatus,
2520 1124 2807 1200 postquam
2846 1119 3100 1180 Lutetiae
3140 1117 3473 1178 Parisiorum
3513 1117 3584 1178 ad
3620 1119 3887 1180 maiorem
3926 1121 4167 1180 excultus

1133 1222 1252 1278 erat
1301 1214 1436 1276 artis
1491 1217 1742 1277 salutern
1791 1218 2044 1297 peritiam
2059 1264 2075 1292 ,
2133 1218 2289 1279 illam
2340 1219 2565 1300 quidem
2612 1220 3017 1283 Amstelodami
3056 1219 3291 1280 feliciter
3330 1219 3572 1281 exercuit
3588 1263 3607 1292 ,
3663 1219 3888 1302 insuper
3928 1241 4060 1282 vero
4099 1221 4164 1282 ab

1135 1339 1282 1382 anno
1341 1321 1492 1382 1771
1549 1319 1620 1380 ad
1671 1325 2005 1382 senectutem
2062 1339 2232 1401 usque
2283 1321 2493 1382 ibidem
2546 1327 2849 1384 Anatomes
2907 1329 2965 1383 et
3019 1321 3345 1400 Chirurgiae
3396 1321 3729 1383 Professoris
3782 1342 4011 1384 munere
4058 1329 4167 1384 tam

1133 1423 1356 1500 egregie
1403 1421 1626 1484 functus
1681 1431 1764 1484 est
1781 1469 1796 1496 ‚
1851 1429 1914 1484 nt
1967 1424 2037 1484 ad
2089 1424 2294 1485 famam
2347 1423 2625 1486 Athenaei
2640 1469 2655 1496 ,
2708 1423 2957 1505 quinimo
3006 1424 3215 1504 patriae
3248 1422 3635 1484 vindicandam
3676 1427 3911 1486 multum
3946 1423 4166 1486 omnino

1136 1525 1450 1587 contulerit.
1520 1524 1678 1586 Obiit
1705 1527 2088 1604 octogenarius
2127 1547 2178 1588 a.
2219 1530 2405 1598 1818,
2455 1526 2917 1606 quemadmodum
2940 1526 3269 1608 discipulis,
3309 1546 3449 1606 quos
3488 1527 3839 1600 informavit,
3882 1527 3967 1588 sio
4006 1526 4166 1588 etiam

1137 1627 1354 1709 scriptis
1414 1627 1710 1708 praeclaris
1769 1635 1826 1690 et
1883 1649 2014 1691 vero
2066 1627 2332 1690 institutis
2374 1629 2694 1701 fructuosis,
2748 1648 2981 1710 quorum
3034 1631 3121 1690 vel
3174 1633 3367 1690 auctor
3417 1631 3507 1690 vel
3560 1629 3761 1692 vindex
3807 1630 3917 1690 fuit
3956 1629 4167 1706 religio·

1137 1731 1384 1792 sissimus
1403 1775 1420 1804 ,
1479 1731 1790 1812 posteritati
1851 1731 2281 1792 commendatus.
2363 1731 2453 1792 Cf.
2510 1717 2725 1792 nano.
2777 1748 2901 1793 van
2954 1748 3075 1793 nna
3131 1747 3409 1792 sanaem
3426 1775 3441 1802 ,
3500 1731 3671 1794 Corn.
3720 1733 3801 1794 fil.
3862 1732 4066 1792 Oratio
4112 1732 4167 1793 s'n

1137 1834 1440 1894 memoriam
1491 1835 1746 1894 Andreae
1794 1836 1988 1908 Bona,
2043 1839 2185 1906 cet.,
2234 1834 2292 1892 in
2334 1837 2485 1894 Amr.
2540 1835 2717 1895 Acad.
2774 1836 3112 1910 LaydeBat.
3150 1837 3225 1894 A.
3265 1837 3701 1906 1819—1820,
3756 1854 3919 1915 supra
3956 1833 4169 1895 laudata

1138 1952 1421 2018 annnam
1465 1934 1659 1996 Oratio
1699 1935 2048 2016 eiusdemque
2088 1935 2391 1998 Annotatio
2433 1936 2491 1996 in
2538 1939 2760 2000 Iauscr.
2795 1939 3029 1999 Amtel.
3064 1939 3269 1997 Athen.
3306 1935 3607 1996 Memor-ab.
3636 1956 3694 2018 p.
3729 1941 3844 1996 206
3860 1981 3877 2006 ,
3916 1939 4031 2002 257
4052 1956 4167 2016 sqq.

1225 2036 1304 2118 ⁸⁴)
1362 2039 1545 2098 Ianus
1600 2055 1911 2100 nannum>
1924 2084 1941 2112 ‚
2001 2059 2246 2100 summus
2261 2083 2277 2111 ,
2333 2038 2505 2119 siquis
2557 2039 2699 2102 alius
2713 2085 2729 2111 ,
2786 2059 2855 2101 an
2863 2039 3131 2100 atomicus
3144 2085 3163 2110 ,
3214 2037 3273 2098 in
3329 2037 3563 2100 vasculis
3602 2037 3847 2099 minimis
3884 2036 4171 2119 implendis

1143 2139 1624 2202 exercitatissimus
1641 2185 1656 2210 ‚
1710 2140 1956 2220 medicus
2015 2143 2324 2222 praeclarus
2343 2185 2359 2213 ,
2415 2139 2660 2202 Lucinae
2714 2141 2971 2203 minister
3016 2139 3549 2222 experientissimus,
3592 2137 3882 2219 prudentia
3920 2159 4035 2201 non
4076 2139 4169 2200 mi·

1147 2263 1252 2304 nus
1303 2261 1468 2322 quam
1525 2243 1750 2304 audacia
1801 2246 2164 2324 praecellens,
2223 2263 2348 2304 cum
2400 2247 2575 2304 artem
2616 2243 2947 2315 factitando,
2991 2249 3110 2304 tum
3148 2241 3317 2304 etiam
3356 2240 3605 2302 docendo
3621 2285 3637 2314 ,
3680 2261 3785 2302 nec
3826 2241 4011 2304 minus
4048 2241 4171 2302 scri·

1141 2342 1328 2406 bendo
1391 2349 1556 2423 atque
1617 2343 1872 2406 Museum
1932 2343 2274 2406 conficiendo
2329 2344 2750 2406 celeberrimum
2766 2391 2781 2418 ,
2842 2343 3144 2406 subtilioris
3200 2350 3485 2405 anatomes
3538 2363 3661 2404 cum
3712 2343 4023 2419 humanae,
4060 2350 4169 2406 tum

1145 2452 1490 2528 comparatae
1543 2447 1788 2526 adeoque
1843 2447 2222 2528 physiologiae
2275 2466 2495 2526 quoque
2543 2446 2726 2508 studio
2766 2466 2933 2527 quam
2976 2446 3217 2508 maxime
3259 2445 3735 2508 accommodatum
3752 2491 3767 2518 ,
3808 2446 3881 2507 de
3922 2446 4166 2519 civitate,

1143 2547 1216 2612 de
1271 2547 1564 2610 academiis
1578 2594 1593 2621 ,
1651 2549 1722 2610 de
1757 2551 2038 2632 republica
2075 2548 2312 2629 denique
2351 2546 2595 2610 literaria
2632 2549 2841 2630 optime
2883 2549 3111 2610 meritus
3152 2553 3253 2610 est.
3318 2537 3503 2608 'Anno
3550 2549 3703 2612 1756
3748 2549 3981 2611 Gondae
4020 2555 4169 2610 natus

1144 2652 1334 2732 ibique
1383 2653 1454 2712 ad
1505 2652 1908 2713 institutionem
1962 2651 2332 2714 academicam
2384 2650 2491 2712 rite
2543 2657 2893 2733 praeparatus
2909 2697 2926 2724 ,
2989 2650 3611 2729 Lugduni-Batavorum
3666 2671 3789 2714 cum
3846 2650 4004 2724 aliis,
4060 2656 4169 2712 tum

1145 2755 1400 2838 inprimis
1438 2754 1680 2836 physicis
1721 2760 1778 2815 et
1817 2755 2044 2817 medicis
2081 2753 2388 2834 disciplinis
2424 2773 2649 2835 operam
2688 2755 2942 2827 navavit,
2997 2754 3059 2814 in
3100 2753 3190 2814 his
3228 2752 3450 2833 quidem
3492 2768 3669 2814 rm.
3710 2768 3890 2814 mn.
3928 2767 4167 2824 amno,

1143 2874 1430 2921 nummo
1467 2873 1871 2918 saxmromro
1886 2902 1902 2931 ,
1957 2873 2316 2918 nonvnnno
2331 2902 2346 2929 ,
2391 2873 2627 2920 minuo
2666 2862 2831 2937 atque
2870 2872 3284 2918 oosrnnrno
3321 2855 3764 2938 praeceptoribus
3805 2875 3953 2918 usus.
4014 2859 4169 2917 Auno

1151 2963 1310 3025 1780
1329 3006 1345 3034 ,
1399 2957 1616 3040 publice
1653 2957 1880 3022 defensa
1919 2959 2302 3023 dissertatione
2339 2961 2407 3021 de
2442 2960 2667 3040 difficili
2702 2967 2803 3022 aut
2842 2960 3105 3039 impedita
3142 2959 3519 3022 camentorum
3554 2959 3913 3037 deglutitione
3926 3004 3943 3033 ,
4003 2954 4171 3019 Medi·

1149 3062 1306 3125 cinae
1357 3061 1555 3122 doctor
1611 3068 1821 3123 creatus
1835 3108 1850 3135 ,
1907 3068 2080 3125 artem
2139 3064 2475 3125 salutiferam
2522 3063 2584 3123 in
2638 3064 2773 3125 urbe
2827 3065 3005 3144 patria
3056 3064 3319 3144 pagisque
3374 3062 3571 3123 vicinis
3624 3063 3858 3125 feliciter
3904 3061 4169 3133 exercuit,

1151 3165 1320 3245 idque
1375 3162 1630 3225 undecim
1695 3164 1911 3227 circiter
1969 3184 2162 3227 annos.
2243 3166 2459 3227 Quibus
2520 3166 2726 3228 exactis
2746 3212 2762 3239 ‚
2822 3164 3061 3247 piimum
3106 3166 3165 3227 in
3227 3164 3481 3239 Gelriea,
3532 3164 3733 3227 deinde
3770 3166 3831 3226 in
3870 3164 4173 3225 Traiectina

1149 3266 1505 3329 universitate
1541 3267 1872 3347 professor-io
1909 3286 2138 3330 munere
2175 3268 2396 3328 functus
2436 3272 2521 3329 est
2539 3312 2555 3341 ,
2608 3266 2789 3329 donec
2829 3268 3025 3331 aetatis
3065 3287 3229 3329 causa
3266 3266 3403 3329 rude
3442 3266 3757 3329 donaretur.
3839 3266 4002 3329 Obiit
4039 3285 4174 3327 anno

1085 3416 1100 3431 .
1151 3372 1332 3433 1888.
1415 3370 1506 3431 Cf.
1565 3387 1732 3431 mon.
1791 3387 1915 3432 van
1979 3387 2158 3442 nass,
2222 3369 2419 3432 Oratio
2478 3372 2546 3431 de
2601 3372 2745 3431 Iano
2796 3372 3099 3432 Bleuzando
3154 3370 3215 3431 in
3266 3372 3477 3433 Amat.
3527 3371 3706 3432 Aead.
3762 3373 4178 3432 1888-1889.

1158 3493 1215 3553 p.
1261 3475 1374 3533 141
1418 3491 1604 3554 seqq„
1647 3477 1770 3533 tum
1805 3472 1970 3533 etiam
2009 3489 2290 3545 nouum,
2331 3473 2375 3534 1.
2412 3475 2453 3533 l.
2492 3474 2565 3533 T.
2604 3473 2687 3535 11.
2728 3494 2784 3554 p.
2829 3478 2949 3534 504
2987 3494 3142 3554 seqq.

1236 3574 1316 3656 ⁸⁸)
1377 3577 1708 3637 Genaunes
1771 3592 2020 3650 vnoux,
2081 3576 2371 3653 sexaginta
2429 3576 2660 3657 amplius
2720 3595 2898 3637 annos
2962 3597 3087 3639 cum
3141 3574 3409 3652 civitatis,
3463 3581 3581 3637 tum
3624 3575 3864 3637 Illustris
3912 3574 4179 3638 Athenaei

1155 3677 1686 3739 Amstelodamensis
1729 3676 1894 3739 decus
1933 3683 1992 3739 et
2029 3684 2445 3749 ornamentum,
2501 3696 2737 3755 magnus
2776 3679 2965 3755 magni
3002 3695 3380 3741 nanuumsu
3398 3723 3413 3752 ,
3454 3695 3727 3739 anunm
3767 3694 4179 3751 saupnvonrn,

1156 3798 1466 3844 ranamsn
1519 3780 1858 3860 aliorumque
1912 3779 2505 3862 praestantissimorum
2559 3780 2802 3841 virorum
2844 3779 3143 3861 discipulus
3159 3825 3176 3853 ,
3230 3778 3725 3861 quaemadmodum
3764 3779 3898 3841 artis
3938 3778 4183 3841 salutaris

1157 3885 1388 3966 peritia,
1445 3884 1527 3945 sic
1577 3884 1799 3965 copiosa
1849 3884 2146 3964 eademque
2203 3882 2381 3943 solida
2430 3882 2715 3955 doctrina,
2768 3882 2973 3943 iudicio
3014 3883 3280 3955 subacto,
3320 3882 3587 3960 singulari
3622 3880 3859 3943 docendi
3898 3882 4183 3951 facultate,

1155 3986 1452 4059 industria,
1514 3986 1709 4047 ardore
1761 3986 1994 4067 patriam
2043 3984 2375 4048 medicinam
2428 3986 2652 4063 egregie
2705 3984 3022 4047 vindicavit.
3113 3988 3281 4047 Anno
3338 3988 3493 4049 1775
3548 3983 3758 4045 Leidae
3808 3988 4009 4055 natus,
4062 3980 4185 4043 inde

1161 4108 1198 4149 a
1254 4092 1408 4151 1798
1463 4088 1791 4168 professoria
1835 4087 2108 4167 dignitate
2145 4094 2372 4150 ornatus
2413 4088 2593 4149 varias
2628 4087 2887 4169 deinceps
2926 4088 3275 4168 disciplinas,
3314 4086 3643 4156 botanicen,
3685 4090 4011 4157 anatomen,
4056 4084 4187 4165 phy·

1163 4189 1450 4267 siologiam
1463 4232 1486 4265 ‚
1546 4196 1720 4251 artem
1774 4190 2148 4253 obstetricium
2203 4192 2364 4272 plene
2418 4192 2799 4271 cumulateque
2854 4190 3080 4262 docuit,
3134 4188 3457 4271 scriptisque
3510 4186 3800 4268 praeclaris
3855 4206 3981 4249 cum
4035 4184 4182 4257 aliis,

1165 4295 1284 4350 tum
1343 4288 1596 4367 inprimis
1655 4289 1962 4361 botanicis,
2025 4290 2349 4351 anatomicis
2403 4297 2460 4352 et
2513 4290 2908 4373 pathologicis,
2962 4310 3069 4351 nec
3114 4290 3299 4353 minus
3342 4291 3541 4351 Museo
3582 4287 3955 4350 construendo
3992 4287 4187 4349 iustam

1163 4390 1477 4470 ubicunque
1515 4390 1888 4452 celebritatem
1925 4396 2092 4453 nacto
2129 4390 2201 4453 ad
2240 4392 2529 4455 scientiam
2567 4392 2979 4474 provehendam
3017 4396 3347 4474 permultum
3388 4392 3641 4455 contulit.
3724 4391 3887 4452 Obiit
3924 4412 3979 4452 a.
4018 4393 4187 4451 1859.

1249 4491 1329 4573 ⁸⁸)
1389 4492 1799 4555 Gennnannns
1863 4510 2137 4566 nausa,
2196 4494 2597 4569 Enchusanus,
2660 4518 2713 4557 a.
2777 4498 2933 4561 1771
2998 4503 3191 4569 natus,
3252 4497 3453 4578 partim
3515 4494 3941 4571 Groninganae,
3996 4492 4189 4575 partim

1171 4594 1600 4672 Groninganac,
1655 4593 1858 4675 partim
1907 4594 2196 4657 Leidensis
2247 4596 2579 4659 Academiae
2630 4600 2911 4671 alumnus,
2967 4598 3029 4659 in
3081 4598 3179 4661 illa
3230 4598 3451 4679 quidem
3506 4602 3721 4679 praeter
3766 4595 3903 4657 alios
3942 4592 4191 4676 inprimis

1169 4714 1510 4761 uunmxsm
1529 4743 1544 4771 ,
1587 4714 1894 4759 ronsrsno
1928 4715 2336 4773 vnnscnmuo,
2377 4716 2731 4761 nmssnmo
2746 4744 2763 4773 ,
2801 4700 2863 4761 in
2901 4701 3009 4763 hac
3049 4720 3177 4763 vero
3210 4699 3405 4761 iisdem
3440 4700 3586 4772 fere,
3626 4697 3825 4778 quibus
3858 4711 4173 4758 vaouxms

1167 4820 1296 4863 usus
1351 4800 1826 4883 praeceptoribus,
1881 4806 2170 4882 postquam
2227 4799 2519 4863 duodecim
2575 4815 2753 4863 annos
2802 4802 2863 4862 in
2910 4802 3047 4863 urbe
3085 4801 3265 4883 patria
3302 4819 3429 4863 cum
3466 4798 3795 4861 medicinam
3813 4842 3830 4873 ,
3870 4802 3991 4859 tum
4030 4795 4192 4861 etism
