4728 5991
1009 591 1094 655 22
2215 588 2862 653 P.L.RYKE

1008 822 1362 895 quoquam
1434 796 1813 895 exspectari
1872 819 2072 893 posse
2137 793 2400 869 viderat
2467 792 2838 867 auctoritas
2908 789 3185 889 publica
3208 848 3228 877 ,
3302 789 3438 863 nisi
3507 788 3633 887 qui
3698 788 4053 887 cognitam

1010 916 1294 991 haberet
1348 916 1766 1014 penitusque
1813 921 2236 1014 perspectam
2287 911 2733 1011 philologiam
2786 908 3296 983 Hollandicam.
3398 907 3621 981 Cuius
3668 908 3766 981 rei
3821 931 4055 982 necea·

1011 1037 1180 1111 sitas
1243 1061 1463 1135 quum
1531 1035 1962 1134 paucissimis
2024 1032 2290 1107 civibus
2333 1038 2731 1130 appareret,
2783 1053 3143 1127 novusque
3188 1029 3425 1102 doctor
3474 1028 3547 1101 in
3597 1026 3842 1115 rebus,
3892 1052 4056 1103 cum

1011 1156 1102 1229 ad
1144 1154 1544 1255 religionem
1589 1164 1741 1228 tum
1795 1155 1885 1228 ad
1945 1153 2291 1252 politicam
2339 1150 2846 1249 pertinentibus
2866 1209 2886 1238 ,
2936 1148 3140 1224 aliam
3188 1148 3581 1248 opinionem
3626 1147 3855 1222 fovere
3898 1171 4057 1222 cen-

1012 1284 1276 1347 seretur
1295 1332 1313 1360 ,
1387 1272 1707 1347 facillime
1775 1271 1882 1345 vel
1944 1295 2058 1343 me
2131 1278 2401 1343 tacente
2466 1268 2932 1367 intelligetur,
3000 1292 3140 1365 quo
3182 1268 3415 1342 animo
3470 1268 3881 1366 magistrum
3937 1293 4057 1343 ex-

1009 1392 1320 1491 ceperint
1394 1392 1733 1490 discipuli.
1839 1391 1979 1464 Sed
2049 1390 2325 1478 audite,
2398 1414 2693 1487 quaeso,
2768 1388 2940 1487 quid
3011 1389 3159 1487 ipse
3224 1388 3375 1462 fieri
3437 1388 3721 1461 viderim
3776 1388 4057 1488 collega.

1010 1511 1145 1583 Vix
1192 1512 1397 1609 pauci
1444 1519 1885 1609 praetereunt
1931 1534 2204 1584 menses
2251 1517 2321 1583 et
2371 1532 2576 1582 nemo
2621 1508 3108 1607 magistrorum
3154 1492 3377 1605 magis
3404 1505 3803 1595 honoratur,
3834 1509 4057 1607 magis

1007 1656 1050 1703 a
1091 1631 1448 1728 discipulis
1497 1638 1772 1705 amatur
1816 1654 2030 1728 quam
2079 1652 2663 1717 assumimus,
2714 1653 2839 1703 nec
2880 1628 3005 1703 ulli
3050 1627 3573 1726 disciplinarum
3619 1628 3857 1726 generi
3898 1629 4057 1727 plus

1005 1773 1254 1847 operae
1319 1749 1746 1847 impenditur
1819 1773 2032 1846 quam
2105 1750 2292 1848 quod
2368 1770 2914 1823 nunnsuannus
2992 1747 3213 1821 docet.
3314 1748 3407 1820 Et
3472 1746 3597 1846 qui
3659 1748 3858 1822 aliter
3909 1749 4059 1823 fieri

1003 1869 1289 1966 potuit?
1360 1869 1482 1967 qui
1551 1869 1737 1943 enim
1810 1869 2076 1967 peritus
2137 1876 2283 1956 est,
2356 1868 2481 1965 qui
2527 1866 2756 1941 iustus
2800 1874 2945 1953 est,
2996 1866 3119 1965 qui
3163 1866 3395 1965 diligit
3450 1867 3865 1966 discipulos,
3915 1893 4055 1943 non

1005 1987 1130 2061 diu
1191 1987 1570 2063 luctabitur
1635 2013 1798 2063 cum
1860 1986 2387 2061 difficultatibus
2449 2009 2623 2084 quas
2673 1984 2799 2082 qui
2839 1984 2994 2057 istis
3044 1984 3420 2058 virtutibus
3465 1996 3651 2060 caret
3692 2010 4054 2086 nunquam

1004 2107 1381 2207 superabit.
1484 2108 1608 2181 Nil
1680 2108 1904 2182 dicam
1975 2108 2062 2181 de
2128 2105 2473 2180 fructibus
2522 2130 2697 2203 quos
2744 2104 2955 2179 huius
3002 2104 3131 2177 viri
3185 2104 3495 2179 doctrina
3541 2105 3742 2194 tulit,
3792 2114 3917 2181 aut
3950 2090 4053 2182 ¹de

1003 2227 1335 2301 methodo
1389 2226 1683 2301 docendi
1733 2227 1996 2304 litteras
2016 2284 2035 2314 ,
2105 2252 2286 2325 quae
2336 2226 2427 2301 ab
2486 2250 2569 2300 eo
2618 2226 2783 2299 inde
2830 2233 3137 2323 tempore
3187 2248 3446 2298 novum
3496 2224 3699 2322 quasi
3748 2227 4051 2301 stadium

1001 2347 1076 2420 in
1128 2347 1493 2422 Athenaeo
1537 2346 1736 2435 iniit;
1807 2356 2020 2421 testes
2067 2346 2254 2421 enim
2307 2353 2475 2420 sunt
2515 2345 2865 2419 innumeri
2908 2346 3009 2418 illi
3045 2344 3331 2418 iuvenes
3351 2402 3370 2432 ,
3420 2344 3547 2441 qui
3594 2369 3677 2418 eo
3720 2347 4052 2445 magistro

1002 2466 1112 2539 usi
1139 2466 1214 2541 in
1267 2465 1446 2540 hanc
1496 2465 1947 2540 Academiam
2006 2473 2343 2540 venerunt
2396 2473 2478 2539 ut
2526 2464 2760 2539 studia
2806 2463 3259 2539 absolverent.
3360 2464 3455 2537 Et
3510 2464 3883 2540 methodus
3932 2466 4052 2541 illa

997 2584 1292 2659 docendi
1362 2610 1578 2684 quam
1655 2585 2006 2685 praeclara
2073 2585 2283 2659 fuerit
2301 2643 2320 2674 ,
2398 2584 2641 2683 paucis
2710 2584 2960 2659 diebus
3029 2592 3189 2683 post
3262 2582 3693 2658 dilectissimi
3750 2584 4051 2685 collegae

993 2712 1288 2780 mortem
1311 2764 1330 2795 ,
1396 2706 1586 2805 apud
1641 2706 2018 2803 discipulos
2037 2763 2056 2793 ,
2123 2730 2316 2780 more
2384 2729 2511 2779 suo
2531 2762 2551 2792 ‚
2617 2704 2694 2778 id
2746 2712 2858 2779 est
2904 2704 3291 2804 eleganter,
3361 2703 3686 2802 exposuit
3730 2728 4049 2781 cosmus

991 2833 1272 2913 noster,
1325 2850 1468 2923 quo
1515 2849 1722 2900 nemo
1769 2825 2023 2899 melius
2069 2824 2158 2898 de
2208 2848 2292 2899 ea
2338 2824 2643 2899 iudicare
2690 2848 2894 2923 posse
2940 2823 3329 2898 censendus
3377 2831 3505 2899 est.

1093 2944 1312 3018 Fama
1353 2943 1571 3043 igitur
1623 2953 1769 3020 tam
1816 2944 2150 3045 praeclari
2191 2943 2491 3020 doctoris
2532 2967 2671 3020 non
2712 2944 2864 3019 fieri
2900 2952 3171 3044 poterat
3220 2943 3389 3043 quin
3432 2943 3625 3018 brevi
3662 2944 3737 3020 in
3778 2951 4049 3022 nostras

994 3062 1312 3162 regiones
1355 3064 1826 3140 adscenderet.
1931 3067 2377 3166 Quapropter
2418 3065 2609 3140 haud
2654 3064 2853 3140 valde
2896 3065 3152 3138 mittun
3190 3065 3509 3139 videatur
3538 3065 3735 3164 quod
3764 3067 4045 3142 Amste-

994 3182 1430 3258 lodamenses
1497 3185 1568 3258 in
1644 3184 1996 3258 neminem
2059 3183 2253 3283 prius
2306 3207 2521 3282 quam
2579 3183 2655 3258 in
2704 3207 3271 3260 autumnum:
3314 3183 3728 3259 coniecerint
3766 3187 4040 3277 oculos,

994 3303 1122 3378 ubi
1174 3304 1621 3381 decreverunt
1671 3306 2136 3404 Gymnasium
2187 3329 2398 3380 suum
2441 3304 2539 3378 ita
2584 3304 3001 3403 amplificare
3050 3312 3132 3382 ut
3178 3311 3525 3405 praestare
3578 3313 3813 3404 posset
3862 3331 4043 3405 quae

991 3431 1306 3524 tempora
1354 3424 1704 3525 postulare
1745 3425 2161 3501 viderentur.
2260 3424 2571 3500 Vocatus
2616 3449 2783 3524 ergo
2824 3423 3431 3501 Amstelodamum
3480 3433 3561 3500 ut
3604 3427 4039 3502 Conrectoris

939 3547 1280 3618 ‘munere
1347 3545 1753 3646 fungeretur
1772 3605 1792 3634 ,
1861 3571 1999 3622 non
2071 3544 2421 3621 dubitavit
2480 3545 2776 3645 primam
2843 3546 3032 3621 illam
3052 3605 3073 3637 ,
3140 3546 3273 3620 etsi
3324 3569 3552 3620 caram
3606 3545 3741 3620 sibi
3784 3546 4037 3623 factam

989 3663 1354 3755 stationem
1375 3723 1396 3753 ,
1443 3665 1830 3764 relinquere
1875 3674 1948 3740 et
1990 3667 2063 3741 in
2109 3666 2411 3741 scholam
2462 3666 2755 3740 transire
2774 3724 2794 3753 ,
2850 3666 2922 3740 in
2969 3690 3113 3765 qua
3156 3671 3263 3741 tot
3308 3665 3587 3742 formati
3630 3677 3863 3742 essent
3910 3668 4037 3742 viri

987 3783 1512 3882 praeclarissimi
1563 3787 1687 3885 qui
1733 3783 2141 3862 ornamenta
2183 3785 2446 3884 patriae
2492 3785 2809 3861 fuissent.
2908 3786 3419 3861 Amstelodami
3457 3793 3692 3862 autem
3732 3795 4034 3886 quantae

987 3903 1274 3978 utilitati
1327 3905 1541 3979 fuerit
1581 3905 1928 3980 iuventuti
1967 3903 2413 3980 scholasticae
2434 3963 2455 3994 ,
2509 3928 2722 4004 quam
2771 3905 3041 3980 felicem
3085 3929 3289 4005 porro
3340 3905 3885 4006 honoratamque
3935 3907 4031 3982 vi·

984 4029 1130 4095 tam
1180 4023 1425 4097 vixerit
1477 4025 1551 4098 in
1607 4025 1780 4099 urbe
1837 4024 2250 4114 clarissima,
2299 4025 2375 4098 in
2421 4049 2563 4124 qua
2600 4049 2907 4100 amorem
2954 4025 3339 4102 litterarum
3383 4033 3455 4100 et
3498 4026 3751 4101 artium
3771 4084 3792 4115 ,
3843 4027 4031 4101 haud

987 4163 1187 4214 secus
1254 4165 1335 4214 ac
1410 4142 1906 4240 patrimonium
1923 4201 1944 4232 ,
2017 4169 2060 4217 a
2122 4143 2439 4242 'patribus
2508 4142 2582 4218 in
2637 4142 2817 4218 filios
2870 4151 2941 4217 et
2989 4150 3276 4243 nepotes
3325 4142 3615 4236 transire
3668 4143 3989 4219 novimus
4006 4203 4027 4234 ,

985 4283 1201 4357 quam
1247 4283 1452 4360 aegre
1491 4262 1806 4337 stationis
1849 4261 2517 4338 Amstelodamensis
2552 4262 2994 4338 dulcedinem
3036 4262 3431 4362 reliquerit,
3476 4263 3766 4338 Leidam
3806 4287 4028 4363 quum

985 4385 1272 4454 vocatus
1319 4388 1544 4469 esset;
1595 4381 1708 4456 hic
1757 4381 2062 4480 denique
2103 4405 2314 4484 quam
2359 4381 2556 4456 facile
2574 4439 2595 4470 ,
2638 4383 2880 4482 paucis
2922 4383 3059 4457 illis
3078 4440 3099 4471 ,
3148 4383 3409 4483 quibus
3452 4383 3635 4458 inter
3676 4407 3805 4458 nos
3852 4385 4026 4474 fuit,

979 4498 1182 4572 annis
1245 4508 1317 4574 et
1379 4499 1703 4576 honorem
1777 4502 1958 4577 inter
2025 4500 2324 4600 collegas
2368 4510 2441 4575 et
2491 4525 2793 4576 amorem
2857 4503 3039 4578 inter
3094 4502 3475 4604 discipulos
3502 4503 3657 4578 sibi
3708 4503 4023 4579 eoncilia-

981 4619 1189 4692 verit:
1243 4619 1412 4695 haec
1460 4622 1694 4697 omnia
1741 4623 1989 4698 melias
2033 4647 2246 4722 quam
2296 4647 2339 4697 a
2389 4645 2503 4696 me
2554 4621 2694 4697 dici
2731 4631 3027 4723 possunt
3073 4624 3385 4723 exposita
3422 4622 3691 4724 legistis
3728 4623 3801 4698 in
3840 4624 4021 4699 eius-

981 4737 1142 4812 dem
1189 4763 1394 4838 quem
1450 4741 1660 4816 modo
1699 4741 1844 4816 dixi
1892 4742 2371 4819 facundissimi
2410 4741 2733 4843 Collegae
2777 4745 3104 4820 oratione.
