4728 5991
1835 596 2395 668 ORATIO.
3540 601 3627 671 53

675 801 1008 880 Vestrum
1067 803 1408 880 iudicium
1427 860 1450 893 ,
1511 803 1886 880 Curatores
1905 861 1928 895 ‚
1987 803 2078 881 ab
2131 804 2656 906 Angustissimo
2700 805 2898 906 Rege
2940 805 3469 906 comprobatum
3518 829 3632 882 me

578 920 654 998 in
717 947 804 1000 eo
847 922 1126 1000 honoris
1175 923 1402 1025 gradu
1453 923 1849 1014 collocavit,
1899 932 1980 1000 ut
2023 925 2098 1000 in
2145 925 2276 1000 hoc
2321 924 2696 1003 lectissimo
2744 935 3091 1003 conventu
3126 951 3215 1003 ex
3257 928 3387 1006 boc
3430 951 3631 1004 orna·

577 1042 850 1120 tissimo
915 1043 1010 1120 ad
1078 1042 1452 1120 dicendum
1519 1043 1671 1120 loco
1737 1044 1828 1119 de
1901 1043 2078 1120 meis
2151 1042 2406 1120 studiis
2468 1069 2673 1144 agere
2750 1070 3154 1122 concessum
3228 1046 3341 1122 sit.
3462 1045 3634 1122 Viro

581 1162 862 1264 egregio
930 1171 1144 1264 atque
1193 1163 1460 1264 optimo
1503 1187 1618 1240 me
1671 1162 2034 1240 succedere
2085 1163 2399 1240 voluistis
2439 1163 2821 1264 multisque
2859 1164 3261 1242 nominibus
3306 1163 3635 1242 omnibus

581 1282 1026 1362 meritissimo
1087 1282 1594 1362 commendato.
1693 1282 1833 1358 Cui
1893 1282 2161 1359 utinam
2223 1282 2367 1360 fata
2428 1284 2931 1384 pepercissent!
3000 1309 3163 1362 cum
3219 1285 3471 1360 horum
3526 1285 3634 1360 iu-

583 1428 840 1482 venum
905 1427 1116 1480 causa
1191 1411 1346 1478 tum
1411 1427 1570 1478 vero
1637 1425 1816 1478 mea.
1916 1403 2244 1501 Namque
2305 1402 2409 1478 illi
2469 1403 2999 1503 diligentissimo
3050 1429 3131 1480 ac
3186 1403 3637 1480 dilectissimo

582 1527 1024 1622 praeceptore
1092 1519 1341 1619 privati
1411 1527 1577 1596 sunt
1594 1575 1618 1610 ,
1687 1519 1862 1596 mihi
1930 1518 2417 1620 gravissimum
2478 1542 2658 1595 onus
2676 1581 2696 1610 ,
2770 1547 3000 1622 neque
3062 1530 3293 1599 tamen
3338 1522 3489 1598 sine
3528 1523 3637 1624 ig-

583 1641 824 1718 naviae
863 1638 1393 1740 reprehensione
1433 1638 1936 1730 recusandum,
1984 1639 2393 1739 impositum
2440 1648 2566 1718 est.
2642 1641 2925 1718 Etenim
2974 1666 3055 1718 ea
3087 1665 3636 1720 nunnmannus

587 1759 940 1838 doctrinae
1005 1759 1204 1858 copia
1271 1767 1420 1835 erat
1489 1767 1571 1834 ut
1633 1761 1785 1836 sine
1843 1759 2263 1836 contumelia
2279 1816 2302 1849 ,
2378 1785 2463 1835 ea
2526 1761 2743 1838 animi
2807 1761 3248 1863 simplicitate
3326 1769 3409 1838 ut
3488 1761 3640 1838 sine

587 1879 822 1958 dolore
863 1903 1102 1979 posses
1155 1877 1244 1955 ab
1289 1903 1374 1954 eo
1423 1879 1497 1953 in
1543 1903 1754 1956 cursu
1797 1879 2135 1958 honorum
2183 1879 2503 1979 relinqui.
2602 1883 2842 1980 Atque
2890 1907 3023 1982 ego
3068 1889 3289 1958 totam
3330 1881 3405 1958 in
3442 1882 3639 1958 scho-

587 2001 813 2076 larum
883 1996 1132 2074 umbra
1204 1997 1920 2100 bibliothecarumque
1973 1999 2475 2099 tranquillitate
2522 2000 2622 2076 ita
2678 2008 2987 2076 versatus
3008 2059 3028 2091 ,
3081 2008 3162 2076 ut
3203 2025 3365 2077 cum
3422 1999 3643 2076 Vobis

589 2128 744 2196 tum
791 2119 946 2196 aliis
988 2142 1269 2220 operam
1323 2141 1548 2194 meam
1592 2119 1952 2218 probarem
1973 2177 1996 2210 ,
2064 2143 2254 2196 nunc
2271 2179 2293 2210 ,
2356 2143 2439 2196 ea
2486 2127 2711 2196 aetate
2764 2145 2945 2220 quae
2986 2129 3215 2196 careat
3260 2119 3645 2196 iuventutis

589 2239 790 2316 venia
853 2238 1270 2338 maiorisque
1333 2237 1682 2315 facultatis
1749 2239 2332 2340 exspectationem
2388 2240 2711 2316 excludat
2725 2298 2748 2331 ,
2808 2241 2883 2316 in
2936 2242 3115 2317 hanc
3168 2240 3644 2341 splendidissi-

591 2384 778 2436 mam
849 2357 1130 2459 publice
1202 2358 1498 2434 docendi
1561 2359 1870 2435 muneris
1916 2359 2142 2434 lucem
2188 2358 2550 2457 protrahor
2596 2360 2812 2458 inque
2858 2368 3095 2459 partae
3141 2362 3646 2460 qualiscunque

593 2477 822 2556 laudis
877 2477 1262 2578 periculum
1325 2475 1668 2552 coniicior.
1785 2475 2008 2550 Cuius
2074 2475 2286 2551 delati
2331 2478 2642 2553 muneris
2690 2478 3100 2576 gravitatem
3119 2536 3142 2569 ,
3204 2479 3338 2554 etsi
3380 2478 3471 2555 ad
3522 2479 3645 2556 ho-

591 2623 842 2674 norem
905 2595 1406 2695 amplissimam
1422 2652 1445 2685 ,
1513 2616 1655 2670 non
1705 2593 2118 2694 recepissem
2161 2593 2469 2694 profecto
2485 2652 2508 2685 ,
2556 2595 2694 2672 nisi
2741 2596 3189 2697 probabiliter
3227 2621 3381 2673 eam
3422 2597 3645 2673 admi·

593 2718 890 2794 nistrare
925 2737 1100 2820 ‘non
1175 2719 1454 2789 tantum
1514 2713 1780 2814 ingenii
1835 2739 1918 2790 ac
1973 2713 2334 2790 doctrinae
2382 2739 2533 2790 esse
2571 2723 3001 2815 reputassem
3026 2773 3047 2806 ‚
3100 2716 3225 2792 sed
3266 2715 3433 2790 fidei
3473 2739 3646 2814 quo·

597 2861 738 2937 que
805 2842 881 2910 et
950 2833 1344 2910 voluntatis.
1441 2833 1640 2910 Haec
1709 2857 1842 2934 ego
1904 2832 2122 2910 Vobis
2176 2843 2451 2935 praesto
2469 2892 2492 2925 ‚
2544 2834 2713 2912 haec
2757 2835 3115 2934 polliceor,
3168 2835 3277 2910 his
3323 2833 3645 2910 Vestram

595 2955 687 3032 de
725 2979 845 3033 me
879 2953 1462 3055 exspectationem
1498 2953 1786 3045 tuebor,
1823 2977 2051 3054 neque
2092 2953 2526 3031 committam
2571 2979 2905 3056 umquam
2929 3013 2950 3045 ‚
2989 2961 3069 3031 ut
3104 2961 3229 3031 aut
3250 2953 3648 3031 industriae

599 3075 879 3153 laudem
925 3081 1051 3151 aut
1097 3074 1306 3151 officii
1342 3074 1744 3175 religionem
1790 3075 1864 3150 in
1907 3099 2024 3151 me
2064 3074 2495 3175 requirentes
2544 3074 2777 3151 Vestri
2823 3076 2967 3153 Vos
3010 3074 3253 3151 iudicii
3297 3098 3647 3151 commen-

601 3194 1039 3295 dationisque
1091 3192 1463 3295 poeniteat.

699 3433 1128 3511 Professores
1147 3490 1170 3523 ,
1221 3432 1346 3506 viri
1387 3430 1785 3507 clarissimi!
1856 3433 2140 3509 Praeter
2185 3456 2381 3531 spem
2421 3439 2493 3507 et
2536 3432 3117 3533 exspectationem
3146 3456 3374 3508 meam
3403 3432 3652 3508 Vestro

603 3575 894 3629 numero
959 3548 1312 3626 adscribor
1379 3548 1456 3623 in
1501 3549 1668 3624 boni
1713 3549 1842 3624 viri
1880 3548 2240 3649 Vobisque
2279 3548 2615 3627 carissimi
2663 3553 2893 3627 locum
2944 3550 3298 3628 suffectus.
3399 3552 3651 3651 Neque

604 3670 750 3747 Vos
795 3671 944 3745 sine
993 3691 1204 3744 causa
1249 3667 1357 3742 vel
1398 3689 1622 3743 errore
1661 3666 1904 3742 iudicii
1945 3689 2512 3744 nonsummum
2556 3668 2952 3768 diligebatis
2972 3727 2993 3758 ‚
3044 3694 3186 3767 quo
3226 3678 3349 3745 aut
3392 3668 3649 3746 facilio-

607 3814 752 3867 rem
821 3796 948 3865 aut
1005 3786 1543 3863 commodiorem
1586 3792 1710 3862 aut
1759 3784 2290 3861 moderatiorem
2335 3786 2611 3861 nullum
2658 3810 2772 3861 me
2825 3786 3175 3861 hominem
3227 3786 3458 3862 videre
3504 3811 3651 3863 me-

609 3908 804 3985 mini.
905 3905 1094 3981 'I'alis
1155 3904 1282 3980 viri
1351 3905 1774 3981 desiderium
1834 3903 1980 3980 Vos
2027 3914 2108 3980 ut
2159 3928 2491 4004 umquam
2548 3905 2908 4005 deponatis
2959 3914 3357 4004 exspectare
3374 3964 3397 3995 ‚
3446 3906 3651 3981 inhu-

609 4050 900 4103 manum
961 4024 1140 4101 foret
1157 4082 1178 4115 ‚
1251 4048 1384 4125 ego
1455 4034 1536 4101 ut
1598 4025 1836 4100 tollere
1900 4033 2025 4099 aut
2091 4026 2314 4100 levare
2373 4023 2631 4124 possim
2653 4082 2673 4114 ,
2740 4049 3066 4125 arrogans
3123 4034 3195 4100 et
3246 4025 3650 4127 superbum.

614 4149 852 4226 Quare
919 4142 1120 4219 illum
1186 4143 1332 4217 Vos
1391 4143 1506 4245 pie
1567 4142 1900 4243 lugeatis,
1969 4166 2084 4217 me
2147 4148 2384 4217 tamen
2438 4152 2752 4219 amanter
2816 4144 2889 4219 in
2952 4143 3279 4221 Vestrum
3339 4144 3653 4221 ordinem

614 4262 1001 4365 recipiatis3
1054 4288 1138 4338 ea
1186 4262 1373 4337 enim
1411 4270 1519 4339 est
1568 4261 1824 4337 amoris
1868 4260 2070 4361 copia
2117 4261 2487 4361 singularis
2509 4319 2532 4353 ‚
2604 4270 2686 4338 ut
2735 4263 3079 4363 quidquid
3132 4264 3308 4339 mihi
3353 4264 3656 4341 caritatis

616 4384 992 4462 attribuere
1054 4382 1278 4458 velitis
1298 4434 1320 4475 ,
1383 4383 1460 4458 id
1505 4381 1607 4457 illi
1649 4404 1792 4458 non
1843 4380 2240 4459 detrahatis.
2338 4382 2466 4459 Me
2514 4390 2753 4459 autem
2800 4382 3148 4459 habebitis
3202 4384 3537 4483 collegam
3584 4390 3659 4459 et

617 4504 906 4580 Vestrae
951 4502 1214 4603 gratiae
1255 4508 1700 4602 appetentem
1741 4509 1816 4577 et
1858 4500 2250 4578 auctoritati
2297 4500 2822 4603 obfflquentem.

712 4622 1043 4699 Vestrum
1115 4619 1756 4721 splendidissimum
1819 4644 2218 4697 consessum
2277 4644 2441 4697 cum
2488 4621 2709 4699 oculis
2765 4622 3023 4710 lustro,
3080 4627 3469 4697 commovet
3510 4618 3657 4695 ani-

621 4766 818 4819 mum
881 4741 1102 4817 tristis
1171 4763 1336 4816 sane
1391 4739 1719 4840 cogitatio
1777 4739 2276 4817 iucundissimo
2341 4764 2459 4816 me
2514 4740 2723 4819 huius
2774 4739 3050 4818 dicendi
3096 4737 3401 4817 muneris
3438 4736 3659 4815 officio
