4728 5991
1919 580 2479 648 ORATIO.
3640 583 3723 655 19

673 795 890 872 fluida
908 853 932 884 ‚
993 817 1174 894 quae
1235 789 1749 868 electricitatem
1807 787 2178 888 perducat,
2241 813 2559 890 quaeque
2610 815 2749 866 non
2802 791 2893 864 sit
2948 789 3291 866 metallica
3307 849 3327 880 ,
3389 814 3515 868 nec
3563 790 3720 868 che-

673 917 852 994 mioe
893 915 1454 1014 decomponatur.
1555 910 1649 984 Et
1695 917 1930 984 tamen
1971 910 2463 1008 unusquisque
2511 910 2839 1008 physicus
2875 935 3285 1010 persuasum
3334 910 3469 986 sibi
3511 909 3723 987 habet

671 1043 1087 1136 perpetuum
1149 1031 1405 1107 mobile
1470 1053 1832 1128 nunquam
1904 1038 2254 1130 repertum
2330 1029 2435 1106 iri.
2539 1031 2746 1106 Unde
2818 1039 3055 1106 autem
3119 1030 3239 1106 illa
3291 1031 3510 1109 oritur
3566 1054 3718 1129 per-

673 1156 902 1230 suasio
921 1156 956 1228 P
1053 1153 1266 1233 Quod
1331 1176 1472 1226 non
1545 1158 1775 1249 potest
1837 1150 2124 1250 cogitari
2190 1173 2391 1249 posse
2466 1149 2730 1249 aliquid
2776 1150 3069 1249 produci
3113 1175 3200 1225 ex
3261 1149 3528 1225 nihilo?
3599 1149 3717 1224 Li-

672 1274 920 1350 benter
983 1273 1204 1349 fateor
1265 1298 1378 1348 me
1445 1295 1665 1346 unum
1729 1295 1816 1344 ex
1867 1270 1954 1344 iis
1998 1295 2148 1344 esse
2199 1271 2322 1369 qui
2370 1270 2802 1345 contendunt
2852 1270 3040 1368 quod
3086 1293 3177 1343 ne
3223 1269 3511 1368 cogitari
3561 1268 3715 1368 qui-

669 1396 832 1471 dem
908 1394 1164 1494 possit,
1237 1392 1315 1466 id
1377 1393 1450 1466 in
1522 1414 1751 1464 rerum
1819 1397 2068 1464 natura
2115 1413 2251 1462 nou
2304 1413 2507 1488 posse
2556 1389 2869 1464 existere.
2974 1388 3155 1480 Sed,
3207 1388 3328 1463 ubi
3374 1387 3669 1471 dicimus
3692 1447 3713 1476 ,

669 1539 756 1592 ex
827 1514 1046 1590 nihilo
1111 1511 1284 1588 nihil
1336 1536 1540 1612 posse
1601 1509 1925 1609 produci,
1993 1517 2148 1584 tum
2191 1508 2579 1609 cogitamus
2630 1508 3031 1596 materiam;
3088 1532 3261 1582 num
3312 1531 3476 1607 ergo
3522 1507 3713 1582 idem

668 1636 850 1712 valet
920 1635 1008 1710 de
1070 1633 1315 1710 motu?
1385 1639 1622 1708 motus
1697 1652 1836 1704 non
1905 1638 2011 1703 est
2083 1627 2389 1704 materia.
2494 1629 2923 1718 Caveamus,
2992 1626 3371 1703 Auditores
3394 1686 3413 1714 ‚
3480 1650 3567 1700 ne
3610 1625 3713 1700 ibi

667 1754 1322 1832 demonstrationem
1371 1773 1786 1852 quaeramus
1827 1758 2243 1850 perpetuum
2289 1747 2547 1824 mobile
2592 1773 2732 1823 non
2776 1773 2977 1849 posse
3028 1747 3321 1823 inveniri
3342 1806 3363 1836 ‚
3420 1746 3545 1822 ubi
3590 1747 3709 1821 de-

663 1875 1072 1952 monstratio
1124 1899 1264 1950 non
1321 1869 1720 1972 quaerenda
1781 1877 1908 1946 est.
1993 1870 2099 1944 Ea
2153 1869 2412 1944 scilicet
2463 1893 2549 1943 ex
2613 1868 2961 1944 nobismet
3006 1867 3177 1970 ipsis
3219 1867 3518 1968 petenda
3568 1875 3707 1954 est;

662 1994 920 2070 scimus
962 1995 1208 2093 utique
1251 2017 1463 2092 quam
1483 1989 1887 2090 imperfecta
1913 2001 2160 2064 natura
2187 1989 2407 2064 simus
2435 1988 2789 2078 homines,
2813 1989 2971 2088 qui,
3001 1987 3063 2063 si
3091 1996 3356 2062 motum
3380 2012 3466 2062 ex
3494 1987 3710 2062 nihilo

658 2137 884 2190 creare
947 2137 1308 2213 possemus
1330 2171 1350 2201 ,
1419 2109 1784 2188 confestim
1857 2110 2008 2184 Deo
2077 2134 2275 2208 pares
2340 2133 2493 2183 esse
2560 2109 3041 2209 inciperemus,
3142 2110 3353 2184 Nunc
3422 2106 3709 2207 quidem

657 2257 863 2313 nemo
923 2235 1124 2310 facile
1172 2233 1425 2310 dixerit
1471 2239 1815 2330 quantum
1872 2229 2222 2304 volvendis
2269 2229 2517 2303 seculis
2568 2227 2776 2304 homo
2833 2229 3167 2304 valiturus
3218 2228 3311 2304 sit
3353 2227 3425 2301 in
3475 2251 3709 2302 rerum

655 2363 904 2430 natura
933 2356 1238 2443 efficere3
1291 2353 1416 2428 sed
1455 2353 1588 2428 hoc
1627 2360 1858 2426 tamen
1898 2356 2007 2423 est
2041 2347 2502 2423 certissimum
2524 2405 2545 2436 ,
2596 2346 2997 2424 facultatem
3026 2347 3307 2424 creandi
3341 2371 3709 2445 nunquam

653 2473 899 2550 datum
945 2473 1032 2548 iri
1077 2473 1502 2548 hominibus.

750 2593 894 2669 Vix
963 2592 1266 2668 dubium
1331 2599 1440 2666 est
1483 2588 1656 2688 quin
1703 2585 2038 2691 proximis
2089 2584 2292 2666 annis
2346 2586 2471 2686 qui
2518 2610 2607 2660 ex
2656 2584 2787 2660 hoc
2838 2585 3070 2662 seculo
3118 2594 3531 2686 supersunt,
3586 2610 3703 2662 ex-

649 2713 1068 2812 plorationes
1132 2711 1590 2814 plurimorum
1652 2707 2094 2810 physicorum
2155 2705 2231 2782 in
2283 2731 2367 2782 eo
2416 2713 2807 2782 versaturae
2859 2705 3002 2782 sint
3053 2714 3136 2782 ut
3180 2706 3494 2804 undique
3542 2729 3703 2780 con-

649 2833 932 2931 quirant
1003 2858 1182 2931 quae
1247 2829 1634 2908 necessaria
1695 2830 1836 2904 sint
1909 2825 2002 2904 ad
2061 2825 2518 2902 iudicandum
2582 2826 2787 2923 quale
2848 2826 2940 2902 sit
3012 2851 3240 2927 genus
3310 2832 3543 2902 motus
3590 2827 3707 2902 cui

645 2976 812 3033 cum
877 2951 1362 3031 Electricitatis
1379 3011 1402 3044 ,
1468 2959 1626 3027 tum
1671 2947 1936 3027 Caloris
1983 2945 2181 3047 origo
2225 2944 2671 3025 attribuenda
2715 2946 2827 3023 sit.
2927 2945 3049 3023 Ad
3097 2972 3310 3049 quam
3359 2947 3703 3049 quaestio-

645 3096 808 3150 nem
871 3072 996 3151 ubi
1057 3073 1226 3151 satis
1283 3096 1632 3173 superque
1677 3092 2086 3170 responsum
2134 3067 2344 3143 fuerit
2388 3090 2621 3143 nonne
2664 3066 3097 3166 relinquetur
3150 3068 3470 3146 studium
3526 3068 3701 3170 phy-

645 3191 820 3269 sices
870 3198 1233 3290 tamquam
1279 3190 1667 3291 perfectum
1719 3196 1792 3265 et
1839 3186 2240 3264 absolutum
2258 3186 2294 3260 P

741 3312 906 3387 Non
979 3310 1375 3411 negaverim
1447 3309 1773 3409 equidem
1847 3309 1999 3385 fieri
2067 3332 2270 3408 posse
2333 3313 2417 3381 ut
2486 3312 2657 3381 tunc
2722 3306 3169 3407 physicarum
3242 3331 3475 3384 rerum
3551 3312 3697 3383 stu-

643 3432 840 3507 dium
905 3456 1030 3531 per
1090 3430 1358 3531 aliquot
1425 3455 1644 3508 annos
1711 3430 2214 3507 intermittatur
2224 3462 2243 3516 ;
2316 3426 2442 3501 sed
2486 3450 2684 3515 mox,
2745 3426 2937 3503 idem
2994 3427 3345 3503 facturum
3396 3428 3483 3502 iri
3528 3429 3696 3503 vati-

641 3552 832 3629 cinor
851 3610 873 3640 ‚
945 3551 1137 3651 quod
1205 3551 1281 3627 in
1345 3550 1502 3627 aliis
1567 3550 1948 3650 disciplinis
1981 3600 1990 3621 ,
2023 3548 2286 3625 factum
2356 3570 2509 3621 esse
2560 3545 2763 3621 docet
2808 3546 3113 3623 historia.
3213 3546 3699 3624 Astronomiae

641 3672 827 3750 euim
905 3672 1261 3758 studium,
1335 3678 1416 3746 ut
1487 3669 1618 3747 hoc
1699 3669 2016 3769 exemplo
2086 3676 2244 3745 utar
2267 3726 2288 3756 ,
2378 3690 2551 3741 num
2616 3665 2793 3739 illud
2854 3666 3073 3741 excoli
3140 3666 3384 3756 desiit,
3469 3692 3693 3765 quum

640 3812 1037 3867 nnwrouus
1099 3797 1366 3865 motum
1435 3813 1801 3890 corporum
1867 3788 2270 3865 coelestium
2336 3785 2467 3861 rite
2540 3785 3003 3885 explicuisset.
3102 3787 3301 3861 Num
3367 3787 3441 3861 in
3508 3787 3689 3861 Che-

639 3911 817 3987 miae
886 3908 1121 3985 studio
1177 3916 1523 3985 cessatum
1577 3917 1728 3998 est,
1793 3936 1835 3985 a
1898 3932 2040 4008 quo
2099 3916 2407 4007 tempore
2474 3926 2959 3981 LAVOISIERUS
3020 3928 3263 3979 omnes
3310 3904 3689 4004 expulisset

572 4006 580 4015 ’
638 4030 844 4107 falsas
891 4028 1344 4129 hypotheses,
1393 4052 1520 4130 pro
1562 4029 1788 4128 iisque
1833 4028 2311 4106 substituisset
2358 4026 2635 4100 decreta
2672 4023 3107 4100 nobilissima
3128 4083 3149 4114 ,
3199 4024 3475 4123 quibus·
3498 4050 3687 4103 nunc
3832 4120 3855 4139 ‚

637 4150 848 4225 etiam
915 4148 1132 4223 honos
1197 4149 1546 4223 habetur?
1631 4150 1780 4225 Imo
1851 4173 2010 4225 vero
2084 4154 2462 4245 utrumque
2525 4142 2703 4219 illud
2776 4144 3090 4219 studium
3156 4152 3433 4221 tantum
3460 4145 3687 4237 ‚abest

639 4275 758 4358 ut,
829 4275 981 4343 orta
1051 4265 1168 4341 illa
1233 4267 1388 4343 luce
1450 4268 1829 4345 clarissima
1850 4326 1870 4356 ,
1941 4266 2346 4354 cessaverit,
2416 4269 2500 4338 ut
2560 4263 2891 4339 continuo
2954 4272 3026 4339 et
3085 4264 3291 4365 longe
3353 4265 3555 4365 plura
3613 4260 3685 4341 et

639 4388 842 4487 longe
884 4385 1144 4463 maiora
1187 4388 1448 4487 ceperit
1495 4388 1936 4464 incrementa.
2037 4388 2229 4463 Idem
2281 4385 2498 4486 igitur
2541 4384 2711 4483 quin
2757 4383 3087 4483 Physices
3130 4384 3365 4461 studio
3410 4386 3683 4461 evenire

637 4507 894 4609 possit,
943 4505 1104 4604 quis
1149 4520 1258 4581 est
1299 4507 1423 4607 qui
1463 4510 1724 4608 neget?
1791 4508 2070 4588 Quodsi
2109 4508 2292 4585 enim
2336 4503 2717 4603 aliquando
2764 4502 3114 4580 detectum
3153 4504 3365 4581 fuerit
3400 4505 3679 4581 cuinam

637 4627 862 4705 motui
925 4624 1244 4701 Calorem
1262 4682 1284 4713 ‚
1355 4627 1634 4705 cuinam
1706 4629 2238 4705 Electricitstem
2303 4624 2607 4703 adscribi
2666 4630 3015 4723 oporteat3
3084 4623 3195 4699 vel
3250 4632 3406 4700 tum
3467 4625 3677 4700 etiam

639 4745 926 4823 restabit
994 4744 1468 4843 quaerendum
1530 4749 2121 4848 quemadmodum
2194 4748 2296 4823 illi
2363 4752 2595 4821 motus
2658 4743 2975 4819 mutandi
3022 4750 3094 4819 et
3144 4744 3681 4821 transformandi

3238 4864 3343 4939 3*
