4728 5991
1832 591 2390 698 ORATIO.
3491 593 3620 662 213

594 802 913 880 sensibus
966 801 1337 877 adstrictus
1384 799 1785 900 mundoque
1846 801 2179 876 materiali
2235 801 2537 902 ligatus?
2611 803 2862 876 Nonne
2912 800 3282 899 patefactio
3328 809 3628 876 extraor-

594 923 862 998 dinaria
912 921 1002 996 de
1054 922 1275 996 salute
1300 979 1319 1010 ‚
1380 919 1643 995 homini
1699 922 2038 1020 peccatori
2094 946 2218 1020 per
2270 907 2621 996 Christum
2675 920 3142 1021 recuperanda
3163 980 3184 1010 ‚
3233 945 3316 995 eo
3360 921 3628 996 facilius

598 1040 811 1117 dubia
853 1042 1233 1116 excitatura
1278 1049 1385 1116 est
1410 1099 1430 1130 ,
1482 1065 1621 1139 quo
1667 1041 1889 1140 magis
1941 1041 2103 1116 huic
2147 1041 2591 1139 patefactioni
2638 1042 2880 1116 insunt
2926 1040 3115 1115 haud
3157 1066 3377 1140 pauca
3398 1098 3418 1130 ,
3450 1066 3628 1140 quae

599 1161 1127 1261 intelligentiam
1180 1170 1507 1260 superant
1552 1160 1879 1260 cordique
1928 1160 2227 1260 superbo
2271 1163 2720 1260 repugnant?
2807 1162 3058 1235 Nonne
3113 1160 3394 1259 quaevis
3439 1169 3628 1259 pate-

600 1281 807 1359 factio
848 1281 939 1356 de
979 1280 1189 1355 rebus
1211 1340 1231 1371 ,
1281 1305 1407 1380 per
1452 1305 1525 1356 se
1570 1279 2028 1370 absconditis,
2080 1281 2518 1380 quaestiones
2564 1281 2806 1357 elicere
2859 1280 3068 1355 debet
3089 1339 3110 1369 ,
3162 1305 3334 1380 quaa
3387 1287 3630 1379 sponte

604 1401 915 1501 suggerit
976 1387 1151 1476 ratio
1217 1400 1483 1499 ingenii
1547 1399 1803 1487 nostri;
1876 1399 1938 1472 si
2006 1424 2163 1475 vero
2232 1399 2417 1474 hisce
2479 1401 2936 1501 respondetur
3005 1401 3079 1474 id
3102 1459 3120 1489 ‚
3184 1399 3374 1500 quod
3434 1398 3635 1473 nobis

606 1522 747 1596 sive
806 1522 959 1596 iure
1022 1545 1148 1596 seu
1210 1520 1463 1595 iniuria
1486 1578 1507 1609 ,
1558 1544 1695 1594 non
1750 1517 2161 1608 satisfaciat,
2212 1520 2384 1620 quid
2435 1520 2726 1610 mirum,
2777 1521 2837 1595 si
2881 1521 3226 1596 dubitatio
3276 1527 3636 1609 nascatur,

607 1640 1113 1739 dubitandique
1178 1640 1459 1715 habitus
1525 1640 1629 1715 ad·
1683 1639 2211 1738 Scepticismum
2271 1641 2668 1716 conducat?
2761 1641 3094 1729 Accedit,
3166 1639 3354 1739 quod
3413 1665 3498 1714 ex
3541 1640 3641 1714 rei

608 1760 853 1836 natura
908 1761 1133 1835 multo
1180 1759 1451 1834 facilius
1504 1767 1653 1848 est,
1705 1759 2026 1834 dubitare
2075 1785 2285 1858 quam
2333 1761 2644 1848 credere;
2693 1760 2922 1834 levius
2946 1820 2965 1849 ,
3017 1762 3308 1836 aliorum
3361 1784 3641 1858 persua·

612 1881 787 1956 sioni
828 1880 1189 1956 obstacula
1230 1904 1577 1979 opponere
1603 1938 1623 1966 ,
1674 1877 1972 1953 subinde
2018 1878 2422 1978 gravissima
2445 1937 2466 1967 ‚
2517 1904 2728 1978 quam
2764 1879 3107 1978 propriam
3137 1881 3234 1954 ita
3264 1903 3602 1978 exponere
3625 1937 3644 1968 ‚

612 2007 691 2076 ut
756 1999 1109 2099 legitimae
1159 1997 1576 2097 oppositioni
1622 1997 1731 2070 vix
1784 1996 1968 2071 ullus
2018 2006 2370 2074 remaneat
2414 1997 2624 2074 locus,
2729 1999 2842 2073 Ab
2896 1999 3313 2098 imperfectis
3356 1998 3652 2072 homini-

613 2118 747 2193 bus
816 2095 1121 2218 pdrfecta
1186 2125 1559 2216 systemata
1604 2117 1987 2216 theologica
2036 2117 2187 2192 iure
2234 2119 2616 2216 exspectari
2666 2143 2803 2193 non
2861 2128 3196 2219 possunt,
3245 2143 3472 2218 neque
3527 2141 3652 2192 un-

616 2262 827 2338 quam
893 2237 1181 2314 fortasse
1250 2261 1468 2312 unum
1528 2243 1829 2336 systema
1880 2236 2237 2311 conditum
2286 2245 2437 2326 est,
2489 2238 2679 2336 quod
2733 2262 2870 2314 non
2896 2297 2915 2327 ‚
2969 2239 3323 2313 veritatem
3373 2239 3462 2314 ab
3517 2238 3658 2312 una

616 2357 1052 2456 potissimum
1100 2365 1295 2457 parte
1344 2380 1696 2455 exponens
1718 2417 1737 2445 ,
1790 2358 1899 2432 vel
1949 2357 2165 2431 invito
2208 2367 2449 2432 autore
2495 2367 2568 2432 et
2620 2358 2888 2432 vindice
2911 2417 2930 2446 ‚
2981 2359 3291 2432 eiusdem
3353 2358 3655 2433 veritatis

620 2485 885 2577 partem
948 2478 1338 2577 oppositam
1410 2477 1633 2575 magis
1704 2477 2019 2551 minusve
2082 2475 2155 2550 in
2210 2476 2462 2551 umbra
2508 2477 2946 2576 relinqueret.
3050 2477 3197 2555 Qui
3243 2485 3482 2552 autem
3529 2477 3658 2551 im-

618 2597 1003 2696 perfectum
1051 2597 1189 2670 tale
1245 2604 1548 2695 systema
1602 2598 1895 2672 condere
1948 2597 2252 2686 mavult,
2301 2623 2513 2696 quam
2563 2598 2834 2673 nullum
2885 2597 3248 2671 admittere
3271 2655 3291 2686 ,
3340 2597 3400 2670 is
3457 2597 3661 2696 longe

622 2714 977 2790 molestius
1041 2739 1339 2813 pensum
1416 2714 1553 2788 sibi
1626 2715 1885 2790 videbit
1954 2715 2357 2814 impositum
2382 2775 2402 2804 ,
2469 2741 2682 2815 quam
2748 2717 2871 2817 qui
2943 2717 3355 2816 opponendo
3378 2776 3398 2807 ,
3451 2741 3659 2816 quae-

622 2834 833 2909 rendo
853 2893 875 2923 ‚
938 2834 1327 2909 dubitando
1379 2833 1513 2908 sibi
1568 2833 1860 2932 aliisque
1915 2833 2268 2934 placuerit.
2371 2834 2529 2909 Hoc
2578 2843 2658 2909 ut
2707 2860 2874 2936 agas
2897 2894 2918 2924 ‚
2969 2835 3255 2909 fortasse
3303 2858 3439 2908 non
3491 2834 3662 2910 adeo

622 2977 799 3053 opus
843 2961 993 3043 est,
1044 2965 1127 3027 ut
1168 2952 1319 3053 ipse
1360 2951 1811 3052 philosophus
1862 2953 1986 3029 sis:
2037 2953 2179 3029 iam
2235 2955 2544 3029 sufficere
2594 2962 2861 3055 potest,
2915 2954 3394 3055 Sophistarum
3443 2960 3668 3030 sectae

626 3098 877 3147 nomen
924 3072 1223 3149 dedisse.
1324 3074 1399 3147 Si
1449 3084 1685 3149 autem
1730 3098 1769 3147 e
1822 3074 2081 3149 talibus
2122 3076 2349 3150 causis
2394 3074 2684 3149 internis
2729 3076 3162 3175 Scepticismi
3216 3084 3410 3150 ortus
3459 3083 3668 3173 atque

633 3217 1034 3293 progressus
1102 3193 1271 3268 satis
1340 3193 1537 3268 facile
1602 3193 1929 3292 explicari
1994 3220 2197 3293 posse
2249 3195 2524 3269 videtur
2552 3254 2571 3283 ‚
2640 3194 2778 3269 iam
2830 3195 3119 3271 videatis
3140 3255 3159 3286 ,
3210 3208 3382 3296 quot
3425 3218 3672 3271 causae

627 3313 989 3387 historicae
1041 3321 1277 3388 nostro
1320 3338 1487 3388 aevo
1531 3314 1989 3389 confluxerint
2030 3316 2122 3390 ad
2168 3316 2601 3416 Scepticismi
2658 3316 2838 3390 viam
2885 3316 3324 3391 sternendam
3347 3375 3366 3405 ,
3419 3318 3666 3391 theolo-

618 3434 816 3531 fficae
876 3432 1203 3507 nimirum
1229 3492 1249 3521 ,
1299 3435 1633 3531 politicae
1652 3492 1672 3520 ,
1714 3434 2217 3531 philosophicae
2262 3434 2440 3510 illae.
2549 3436 2982 3531 Theoloqicaa
3033 3435 3186 3508 dico
3208 3493 3227 3522 ,
3297 3458 3460 3510 nam
3515 3460 3669 3534 par·

631 3560 769 3625 tem
840 3551 1081 3626 saltem
1110 3609 1129 3640 ,
1200 3576 1491 3651 eamque
1539 3553 1731 3627 haud
1780 3554 2150 3652 exiguam,
2203 3553 2446 3653 culpae
2490 3554 2976 3654 imputandam
3029 3578 3274 3629 censeo
3333 3554 3668 3652 theologis

638 3668 1045 3768 dogmaticis
1092 3670 1285 3770 ipsis.
1388 3672 1985 3747 Scholasticismus
2030 3673 2215 3747 enim
2240 3732 2259 3763 ,
2312 3674 2437 3771 qui
2485 3673 2558 3747 in
2604 3673 2978 3747 Germania
3026 3672 3425 3772 praesertim
3479 3672 3672 3747 brevi

636 3797 792 3887 post
862 3790 1397 3866 Reformationis
1456 3792 1808 3867 saeculum
1877 3792 1949 3866 in
2018 3792 2394 3892 Theologifi.
2461 3792 2761 3881 exstitit,
2816 3792 3041 3890 deque
3098 3793 3306 3866 rebus
3349 3790 3668 3890 gravissi·

641 3908 771 3983 mis
825 3908 1016 3984 haud
1065 3935 1217 3985 raro
1268 3938 1315 3985 a
1364 3913 1589 4010 priori
1630 3920 1901 3987 tantum
1950 3912 2123 4012 quid
2173 3936 2408 3986 verum
2463 3918 2644 3985 esset
2687 3908 3027 3998 decrevit,
3079 3934 3218 3983 non
3264 3908 3492 4008 potuit
3530 3934 3669 3985 non

643 4030 1026 4129 oppositam
1098 4031 1395 4107 excitare
1468 4031 1821 4131 cogitandi
1903 4032 2370 4130 loquendique
2421 4030 2799 4118 rationem;
2863 4029 3042 4104 actio
3091 4037 3324 4104 autem
3385 4030 3668 4105 reactio-

642 4172 800 4223 nem
849 4155 1073 4249 pariat
1114 4173 1389 4225 necesse
1432 4159 1579 4239 est,
1625 4148 2161 4225 Scholasticismi
2188 4173 2401 4247 regno
2438 4147 2636 4223 facile
2667 4156 3109 4246 praeparatur
3137 4146 3435 4247 oppositi
3463 4148 3670 4247 Scep·

642 4268 895 4343 ticismi
968 4268 1273 4369 triumph
1284 4295 1383 4347 us.
1486 4270 1773 4346 Utinam
1846 4269 2177 4367 Theologi
2241 4268 2474 4343 minus
2525 4267 2726 4343 obliti
2771 4266 3064 4341 fuissent
3116 4268 3441 4366 praeclari
3487 4267 3674 4343 illius

646 4410 1032 4462 scamnum
1103 4390 1493 4489 praecepti,
1570 4388 1911 4465 eruditam
1991 4388 2168 4464 hanc
2238 4388 2582 4464 inscitiam
2661 4387 3209 4462 commendantis
3233 4446 3252 4477 ,
3333 4390 3472 4486 qua
3539 4388 3675 4487 ipsi

645 4507 904 4582 nescire
954 4508 1275 4583 volumus
1296 4567 1317 4598 ‚
1368 4532 1549 4607 quae
1592 4509 1899 4607 optimus
1944 4507 2285 4607 Magister
2336 4510 2698 4606 hucusque
2751 4506 2992 4583 docere
3044 4532 3170 4581 nos
3225 4507 3486 4581 noluit!
3535 4508 3674 4581 Ac·

646 4627 827 4700 cedit
851 4683 871 4715 ‚
942 4628 1145 4724 quod·
1208 4628 1644 4726 praecedenti
1710 4628 2051 4728 imprimis
2118 4652 2287 4703 aevo
2349 4625 2543 4702 haud
2598 4625 2845 4725 pauci,
2897 4626 2988 4701 ad
3039 4626 3284 4700 intima
3327 4624 3676 4723 religionis

648 4744 1083 4821 Christianae
1126 4746 1336 4845 adyta
1382 4770 1515 4821 non
1567 4755 2004 4845 penetrantes
2029 4806 2049 4841 ,
2100 4746 2390 4845 eiusque
2443 4744 2742 4820 indolem
2792 4770 2976 4819 mere
3021 4744 3410 4820 historicam
3458 4744 3677 4843 negli-
