4728 5991
1906 612 2465 683 ORATIO.
3630 616 3721 685 43

665 826 1316 927 contemplationem
1385 833 1460 901 et
1526 826 1850 927 ignavam
1901 825 2118 900 animi
2161 824 2689 921 delectationem
2739 824 3121 901 multarum
3168 848 3403 901 rerum
3452 823 3713 902 utilita-

665 949 856 1023 tibus
903 944 1501 1047 anteponentium.

761 1069 848 1141 ln
903 1090 1195 1166 quorum
1265 1066 1629 1141 hominum
1678 1071 1824 1140 tam
1880 1065 2082 1141 variis
2140 1067 2439 1167 querelis
2486 1075 2773 1168 tamque
2820 1066 3393 1143 dissentientibus
3435 1064 3715 1143 iudiciis

663 1186 836 1287 quid
901 1211 1142 1263 verum
1213 1187 1306 1262 sit
1361 1187 1710 1286 inquirere
1773 1210 1914 1276 non
1986 1197 2169 1263 esset
2237 1188 2527 1265 fortasse
2600 1188 2849 1265 inutile
2918 1211 3145 1287 neque
3200 1194 3385 1263 certe
3440 1186 3529 1263 ab
3580 1186 3713 1263 hoe

663 1318 972 1407 tempore
1021 1308 1326 1383 alienum
1346 1363 1365 1394 ,
1431 1330 1596 1381 eum
1649 1330 1909 1381 munus
1957 1308 2312 1409 ingredior
2358 1309 2550 1409 quod
2600 1308 2903 1385 maxime
2953 1308 3029 1383 in
3086 1308 3347 1384 tuenda
3392 1306 3713 1407 antiqua·

660 1452 819 1503 rum
884 1428 1272 1503 litterarum
1335 1425 1678 1527 dignitate
1741 1436 2070 1503 versatur.
2173 1428 2250 1503 Si
2306 1430 2497 1505 enim
2548 1429 2912 1505 hominum
2958 1428 3125 1503 vitio
3172 1436 3245 1503 et
3294 1428 3511 1504 seculi
3553 1426 3713 1503 labe

662 1548 953 1625 humani
995 1548 1259 1648 ingenii
1307 1546 1898 1648 praestantissima
1939 1572 2148 1650 opera
2197 1549 2677 1650 despiciuntur
2721 1574 2803 1626 ac
2846 1555 3424 1637 contemnuntur,
3471 1547 3713 1623 leviter

661 1670 792 1745 hoc
859 1696 901 1747 a
970 1694 1084 1745 me
1156 1668 1452 1745 docendi
1511 1692 1774 1743 munus
1848 1668 1979 1743 erit
2042 1676 2443 1770 susceptum
2464 1728 2485 1759 ,
2557 1670 2683 1770 qui
2748 1694 2889 1744 non
2961 1668 3249 1745 viderim
3298 1668 3391 1744 ad
3439 1674 3713 1745 tantam

661 1798 946 1889 tamque
1009 1789 1147 1865 late
1206 1790 1436 1864 fusam
1499 1787 1960 1887 plurimorum
2024 1790 2545 1889 perversitatem
2614 1788 3131 1889 exstirpandam
3179 1812 3429 1889 parum
3478 1811 3709 1865 meam

659 1910 1134 1985 infirmitatem
1189 1908 1626 2009 profuturam
1674 1907 1768 1983 ad
1812 1932 2191 2008 paucorum
2235 1909 2358 2007 qui
2404 1907 2755 2007 supersint
2797 1907 3141 1983 bonarum
3184 1906 3441 1982 artium
3490 1905 3713 1983 culto-

659 2054 816 2106 rum
861 2030 1038 2105 vires
1085 2028 1523 2105 adiunctam:
1597 2027 1658 2103 si
1707 2028 2107 2105 obsolevere
2156 2028 2325 2104 haee
2374 2027 2643 2117 studia,
2690 2039 2763 2103 et
2781 2086 2802 2117 ,
2856 2035 3097 2129 utpote
3140 2026 3394 2105 nostris
3441 2033 3709 2127 tempo-

659 2150 854 2226 ribus
924 2150 1151 2225 aliena
1167 2207 1188 2238 ‚
1256 2147 1632 2222 obstruunt
1694 2148 1920 2248 magis
1991 2174 2204 2248 quam
2269 2149 2589 2249 aperiunt
2649 2147 2921 2225 aditum
2986 2148 3081 2225 ad
3147 2147 3360 2225 vitam
3428 2146 3705 2222 beatam

660 2272 1158 2370 honestamque
1178 2329 1198 2358 ,
1259 2268 1658 2369 improbum
1723 2294 1890 2345 sane
1943 2270 2379 2368 stultumque
2430 2267 2697 2343 facinus
2746 2268 3113 2369 aggredior
3130 2326 3151 2358 ,
3208 2268 3333 2368 qui
3384 2267 3707 2344 commis-

615 2388 806 2468 'sam
867 2391 1042 2467 mihi
1104 2390 1314 2466 huius
1378 2387 1760 2463 iuventutis
1811 2390 2107 2465 salutem
2165 2387 2425 2465 nefarie
2474 2386 2877 2487 proditurus
2924 2386 3061 2463 sim
3112 2386 3525 2487 generisque
3578 2386 3707 2461 hu-

659 2512 846 2588 mani
890 2534 1175 2587 cursum
1228 2508 1320 2585 ad
1369 2508 1653 2583 meliora
1699 2509 2343 2609 praestantioraque
2397 2507 2802 2583 tendentem
2852 2506 3193 2606 impedire
3248 2513 3321 2582 et
3362 2506 3713 2583 retardare

656 2641 1065 2723 conaturus3
1140 2632 1248 2706 sin
1307 2652 1468 2704 vero
1531 2628 1916 2706 litterarum
1985 2629 2302 2705 studium
2374 2629 2477 2704 ita
2534 2652 2697 2703 eum
2760 2625 3197 2703 humanitate
3260 2626 3713 2701 coniunctum

659 2763 766 2830 est
785 2812 806 2843 ,
875 2760 958 2828 ut
1023 2772 1410 2850 numquam
1475 2747 1612 2823 nisi
1679 2774 1844 2825 oum
1906 2750 2214 2827 humano
2261 2773 2518 2851 genere
2560 2747 2949 2850 periturum
2998 2746 3130 2836 sit,
3192 2746 3254 2821 si
3304 2768 3581 2846 semper
3636 2746 3713 2821 in

656 2873 784 2948 hae
833 2880 1070 2947 sancta
1116 2871 1488 2945 Musarum
1546 2868 1708 2943 sede
1753 2870 2038 2970 plurimi
2086 2870 2530 2946 invenientur
2568 2868 3037 2945 adolescentes
3082 2867 3373 2969 ingenui
3410 2892 3493 2943 ac
3535 2865 3709 2941 libe-

655 2992 832 3068 rales
850 3050 871 3081 ,
923 2991 1046 3091 qui
1099 2988 1566 3092 splendidiora
1613 2989 1687 3064 in
1735 2990 1877 3066 vita
1917 2999 2232 3092 spectent
2277 3015 2491 3093 quam
2534 2988 2796 3066 victum
2845 2997 2917 3065 et
2966 2988 3236 3066 cultum
3276 2997 3348 3065 et
3391 2986 3711 3088 vulgares

655 3114 948 3189 honores
967 3171 987 3200 ,
1039 3135 1196 3189 mea
1237 3133 1517 3210 quoque
1557 3109 2062 3212 qualiscunque
2097 3137 2306 3213 opera
2345 3112 2421 3188 in
2461 3135 2544 3187 eo
2584 3110 2820 3189 studio
2866 3109 3340 3212 promovendo
3376 3108 3592 3210 inque
3630 3133 3714 3186 ea

656 3231 1116 3309 adolescentia
1159 3231 1590 3307 instituenda
1633 3239 1706 3306 et
1747 3233 2034 3310 honeste
2073 3233 2204 3309 erit
2245 3242 2319 3308 et
2374 3256 2539 3309 eum
2586 3257 2711 3332 spe
2752 3230 2989 3330 aliqua
3040 3229 3365 3306 utilitatis
3410 3229 3659 3330 posita.

751 3355 916 3428 Non
961 3377 1094 3452 ego
1144 3361 1374 3428 tamen
1396 3411 1416 3441 ‚
1482 3351 1637 3428 AA.
1657 3410 1677 3442 ‚
1745 3352 1858 3428 hie
1911 3361 2224 3430 veterum
2273 3353 2661 3429 litterarum
2708 3351 2929 3428 studii
2972 3349 3437 3451 patrocinium
3488 3347 3705 3428 susci-

657 3497 817 3571 pere
880 3474 1110 3573 cogito
1173 3497 1402 3572 neque
1471 3472 1622 3547 eius
1679 3472 1894 3548 decus
1931 3499 2014 3549 ae
2066 3473 2480 3574 dignitatem
2530 3473 2871 3548 sustinere
2920 3470 3241 3547 conabor.
3338 3470 3711 3546 Honestis-

659 3593 830 3668 sima
905 3593 1075 3668 haee
1141 3591 1488 3680 defensio,
1563 3601 1798 3668 nostra
1856 3595 2188 3670 memoria
2231 3594 2453 3670 semel
2500 3600 2712 3692 atque
2756 3593 3009 3667 iterum
3053 3617 3139 3666 ex
3186 3591 3319 3666 hoc
3362 3591 3517 3690 ipso
3563 3591 3711 3666 loco

657 3711 922 3786 fortiter
973 3721 1333 3810 suscepta,
1383 3712 1700 3788 nondum
1745 3713 1846 3788 ita
1887 3713 2158 3789 deserta
2195 3713 2415 3802 iacet,
2482 3720 2560 3788 ut
2604 3737 2835 3788 meam
2886 3735 3123 3787 vocem
3166 3711 3493 3809 requirat.
3566 3711 3709 3786 Sed

659 3832 986 3929 quoniam
1045 3832 1174 3907 hoe
1223 3831 1538 3908 studium
1587 3832 1758 3908 alios
1805 3834 1949 3910 iam
2002 3832 2495 3911 labefactatum
2550 3857 2701 3909 esse
2748 3829 3103 3932 deplorare
3151 3831 3451 3906 vidimus
3502 3838 3575 3904 et
3617 3809 3709 3908 ne

659 3975 818 4025 mox
884 3961 1158 4027 corruat
1227 3952 1479 4040 vereri,
1553 3952 1723 4028 alios
1791 3979 1950 4029 vero
2021 3955 2256 4054 ipsum
2331 3933 2869 4030 fundamentum
2944 3975 3085 4051 quo
3162 3957 3392 4026 totum
3458 3949 3707 4026 nititur

659 4073 1038 4147 convellere
1101 4072 1333 4146 conari
1397 4079 1612 4171 atque
1683 4074 1856 4148 adeo
1923 4099 2074 4150 sese
2121 4075 2441 4150 funditus
2484 4073 2861 4173 aliquando
2910 4071 3305 4148 sublaturos
3346 4097 3497 4148 esse
3546 4097 3701 4172 spe·

659 4215 846 4280 rare,
919 4216 1132 4292 quare
1199 4193 1377 4268 hane
1447 4219 1578 4293 ego
1645 4219 1840 4294 spem
1908 4194 2152 4270 falsam
2213 4205 2286 4271 et
2343 4219 2587 4270 vanam
2640 4217 2790 4268 esse
2842 4192 3134 4268 arbitrer
3186 4191 3384 4268 illum
3433 4201 3705 4269 metum

660 4311 976 4401 inanem,
1051 4313 1328 4388 dicendi
1384 4312 1562 4388 hanc
1609 4313 1751 4388 sive
1803 4323 2050 4390 nactus
2097 4315 2682 4415 opportunitatem
2736 4315 2877 4388 sive
2926 4313 3332 4388 necessitate
3384 4321 3700 4405 coactus,

661 4431 758 4505 ita
805 4457 1184 4532 proponam
1209 4490 1229 4522 ‚
1283 4441 1364 4506 ut
1418 4455 1824 4534 mansurum
1871 4459 2022 4509 esse
2071 4421 2517 4536 antiquarum
2564 4435 2949 4510 litterarum
2998 4433 3315 4510 studium
3360 4458 3443 4509 ae
3494 4434 3697 4510 dura·

663 4557 897 4625 turum
953 4560 1302 4650 appareat.
1404 4553 1608 4630 Quae
1657 4549 2081 4653 quamquam
2131 4556 2585 4656 multiplicem
2632 4555 3111 4654 quaestionem
3160 4554 3435 4653 lateque
3486 4553 3699 4628 diffu-

667 4691 810 4742 sam
864 4671 1262 4768 requirunt,
1313 4678 1548 4744 tamen
1595 4669 1815 4746 fretus
1866 4671 2108 4748 Vestra
2151 4673 2609 4774 intelligentia
2655 4674 2989 4750 disseram
3034 4697 3247 4773 quam
3300 4672 3699 4776 brevissime
3830 4717 3833 4720 ·

664 4797 919 4885 potero.
1020 4785 1204 4879 Vos',
1251 4791 1409 4866 AA.
1458 4789 1978 4882 humanissimi,
2028 4817 2250 4892 aequo
2301 4817 2413 4868 me
2462 4793 2788 4892 bonoque
2834 4794 3067 4871 animo
3116 4792 3455 4870 audiatis!

3310 4914 3410 4988 6¹}
