4728 5991
1060 598 1192 663 224
2076 597 2129 662 1.
2198 597 2245 662 l.
2308 619 2460 660 van
2521 595 3106 662 OOSTERZEE

1057 803 1384 879 demnare
1448 803 1693 891 velim3
1749 803 2067 878 absoluta
2112 803 2300 878 enim
2356 803 2698 878 stabilitas
2749 803 2847 877 nil
2901 803 3076 877 foret
3123 802 3258 876 nisi
3309 803 3662 902 ipsissima
3709 806 3930 882 Mors.
4035 805 4119 880 Si

1054 923 1337 998 forsitan
1398 923 1650 1021 aliquis
1691 923 2001 1021 quaerit:
2068 922 2395 996 nullusne
2456 947 2622 1023 ergo
2669 923 2742 997 in
2791 921 3098 996 Ecclesia
3142 922 3404 997 Christi
3453 923 3674 1022 ipsius
3721 925 4116 1025 Religionis

1052 1042 1437 1142 profectus,
1504 1067 1666 1117 cum
1714 1064 2110 1116 vmcswrro
2157 1065 2415 1115 namo
2461 1066 2720 1140 repono
2767 1045 2863 1135 ¹):
2923 1041 3304 1118 uhabeatur
3349 1042 3555 1141 plane
3596 1053 3672 1118 et
3713 1045 4106 1132 maximus,

1054 1163 1178 1236 sed
1246 1163 1345 1238 ita
1408 1173 1639 1237 tamen
1701 1170 1779 1235 ut
1830 1186 1985 1236 vere
2019 1167 2381 1260 profectus
2435 1163 2526 1236 sit
2569 1163 2686 1236 ille
2735 1162 2942 1250 fidei,
2991 1186 3130 1236 non
3169 1167 3606 1260 permutatio.
3711 1167 3798 1238 Si
3835 1166 4110 1264 quiden

1051 1285 1149 1356 ad
1188 1286 1573 1380 profectum
1617 1285 1932 1380 pertinet
1947 1341 1966 1369 ‚
2034 1291 2113 1356 ut
2156 1285 2231 1355 in
2281 1291 2491 1357 semet
2537 1285 2754 1380 ipmm
2813 1308 3254 1382 unaquaeque
3302 1307 3417 1356 res
3472 1285 3919 1381 amplificetur
3941 1340 3962 1371 ,
4015 1285 4119 1357 ad

1034 1405 1597 1498 permutationem
1657 1427 1812 1475 vero
1828 1460 1849 1489 ,
1916 1411 1994 1475 ut
2052 1404 2325 1502 aliquid
2362 1429 2449 1477 ω’
2499 1404 2642 1476 alio
2693 1405 2766 1476 in
2817 1404 3016 1475 aliud
3053 1404 3629 1477 transvertatur?
3731 1401 4138 1502 Scepticis·-

1048 1545 1208 1594 mus
1270 1531 1505 1595 autem
1569 1545 1705 1594 non
1772 1521 1911 1593 veri
1959 1521 2259 1594 nominis
2309 1521 2694 1621 profectum
2717 1581 2736 1610 ,
2789 1521 2913 1596 sed
2959 1521 3194 1620 potius
3235 1521 3815 1620 permutationem
3861 1520 4106 1595 Eccle-

1048 1641 1189 1716 siae
1252 1641 1491 1716 afferre
1536 1653 1821 1739 apparet
1841 1697 1861 1727 ,
1924 1640 2066 1714 imo
2110 1641 2233 1714 ubi
2286 1665 2575 1740 regnare
2627 1640 2962 1740 inceperit
2981 1700 3001 1729 ,
3053 1641 3274 1740 ipsius
3327 1641 3673 1716 Ecclesiae
3729 1639 3922 1715 notio
3969 1639 4106 1715 tol-

1046 1760 1230 1835 litur.
1334 1760 1641 1834 Ecclesia
1714 1759 1901 1833 enim
1970 1784 2414 1857 nequaquam
2478 1760 2956 1858 philosophica
3013 1760 3244 1835 schola
3289 1770 3433 1849 est,
3501 1760 3590 1834 de
3635 1759 3818 1834 Vero
3863 1760 4100 1834 adhuc

1043 1879 1399 1976 incognito
1465 1903 1805 1977 quaerens
1826 1936 1845 1964 ,
1922 1879 2042 1952 sed
2106 1878 2537 1953 credentium
2602 1880 3088 1979 congregatio,
3151 1879 3276 1978 qui
3331 1905 3406 1954 se
3452 1904 3800 1955 summam
3851 1880 4098 1955 verita-

1043 2006 1188 2072 tem
1250 2007 1461 2095 atque
1526 1997 1741 2070 vitam
1797 1996 2075 2070 vitalem
2120 1998 2193 2070 in
2239 1998 2520 2072 Christo
2559 1999 2701 2074 iam
2749 1999 3093 2075 invenisse
3111 2057 3132 2088 ‚
3182 2024 3412 2074 coram
3461 2007 3609 2074 toto
3657 1999 3926 2074 mundo
3975 1999 4100 2074 de-

1042 2117 1323 2191 clarant.
1429 2115 1922 2214 Scepticismns
1994 2125 2233 2191 contra
2303 2142 2442 2191 non
2511 2125 2741 2218 potest
2799 2142 2937 2193 non
3000 2119 3090 2194 ad
3155 2121 3786 2194 Individualismum
3830 2119 4098 2194 condu-

1041 2259 1194 2310 cere
1215 2295 1235 2324 ,
1285 2260 1426 2334 quo
1476 2244 1819 2309 sectarum
1870 2236 1981 2309 vix
2031 2237 2460 2310 numeranda
2508 2238 2889 2312 multitudo
2935 2237 3260 2326 exsistet,
3313 2261 3538 2336 quove
3585 2237 3866 2312 tandem
3919 2262 4093 2313 una·

1040 2380 1359 2456 quaeque
1433 2355 1826 2429 coniunctio
1897 2356 2253 2455 religiosa,
2331 2357 2474 2430 sive
2549 2357 3026 2431 Ecclesiastico
3044 2414 3064 2444 ,
3139 2356 3282 2432 sive
3361 2357 3744 2431 domestica
3805 2357 3880 2430 in
3934 2357 4098 2433 dies

1042 2476 1379 2550 difficilior
1423 2474 1744 2551 exstabit.
1846 2475 1965 2548 Ad
2011 2476 2370 2551 veritatem
2415 2475 2828 2575 patefactam
2877 2475 2937 2549 si
2980 2499 3224 2549 omnes
3273 2474 3642 2550 adstrictos
3687 2501 3762 2550 se
3809 2483 4094 2566 tenent,

1034 2596 1319 2670 omnino
1364 2596 1453 2670 de
1507 2595 1901 2694 Scripturae
1950 2596 2518 2694 interpretatione
2567 2595 2856 2670 discidia
2905 2603 3201 2694 possunt
3249 2594 3412 2670 oriri
3461 2594 3868 2694 gravissima
3888 2653 3910 2684 ,
3961 2597 4091 2671 sed

1034 2725 1266 2792 tamen
1332 2740 1541 2815 super
1601 2716 1789 2789 idem
1846 2714 2386 2791 fundamentum
2443 2716 2804 2791 aedificare
2847 2739 2985 2790 non
3033 2714 3384 2790 desinunt.
3491 2715 3570 2789 Si
3613 2739 3772 2790 vero
3816 2715 3907 2790 ab
3957 2715 4094 2791 hoc

1034 2835 1489 2911 fundamento
1554 2859 1681 2909 nos
1733 2834 1933 2908 avelli
1982 2836 2330 2933 patiamur
2348 2895 2370 2924 ,
2433 2835 2730 2935 quisque
2778 2833 3295 2933 quodammodo
3341 2834 3666 2934 privatim
3719 2833 4090 2934 religiosus

1036 2980 1314 3031 manere
1371 2961 1638 3054 potest,
1688 2951 1997 3027 Ecclesia
2046 2964 2279 3029 autem
2324 2954 2457 3030 hoc
2501 2955 2710 3031 modo
2759 2963 2939 3029 stare
2983 2962 3196 3054 atque
3237 2954 3588 3030 aedificari
3635 2977 3776 3029 non
3832 2962 4085 3055 potest.

1038 3076 1540 3151 Intolerantiae
1594 3073 1972 3148 terminum
2018 3075 2323 3174 positum
2366 3076 2452 3150 iri
2470 3134 2491 3164 ,
2543 3076 2602 3149 si
2647 3075 3214 3175 Dogmatismum
3240 3132 3259 3163 ,
3309 3075 3453 3149 imo
3497 3075 3828 3173 dogmata
3869 3074 4086 3149 missa

1036 3193 1373 3268 faciamus
1394 3250 1415 3281 ,
1476 3194 1893 3293 promittunt
1938 3193 2371 3292 Scepticismi
2425 3194 2766 3281 fautores,
2817 3204 2890 3269 et
2938 3202 3157 3282 certe,
3209 3193 3664 3268 Intolerantia
3713 3218 4078 3293 nunquam
4125 3270 4136 3279 ,

1036 3338 1172 3387 non
1242 3312 1586 3387 Ecclesiae
1633 3312 1987 3411 flagellum
2038 3322 2250 3412 atque
2295 3314 2638 3413 flagitium
2686 3313 2842 3388 fuit.
2943 3312 3084 3388 Sed
3133 3312 3408 3387 etiamsi
3456 3312 3734 3388 illorum
3783 3338 3918 3412 ope
3959 3314 4078 3386 In·

1032 3432 1393 3507 tolerantia
1445 3432 1727 3507 cesserit
1775 3475 1875 3492 —
1917 3434 2057 3532 qua
2105 3433 2193 3507 de
2240 3456 2313 3507 re
2354 3432 2558 3506 nobis
2601 3432 2741 3507 iam
2786 3432 2987 3507 liceat
3035 3431 3508 3531 Scepticorum
3553 3456 3758 3533 agere
3805 3440 4036 3531 partes
4055 3492 4075 3522 ,

1031 3561 1312 3653 propter
1372 3551 1862 3627 nonnullorum
1931 3551 2439 3627 intolerantiam
2503 3594 2606 3611 -—
2665 3562 2772 3627 est
2834 3552 3034 3649 peius
3081 3550 3346 3651 aliquid
3365 3609 3387 3640 ,
3448 3550 3640 3650 quod
3693 3552 4074 3627 Intoleran-

1032 3673 1200 3749 tiam
1264 3674 1579 3773 excipere
1629 3672 1890 3772 possit,
1956 3674 2578 3768 Indifferentismus
2621 3670 2972 3745 nimirum.
3078 3670 3628 3749 Quaestionibus
3670 3669 4074 3772 theologicis

1028 3804 1102 3869 et
1156 3794 1493 3894 religiosis
1512 3853 1533 3883 ,
1602 3793 1861 3891 quippe
1904 3816 2093 3866 mere
2138 3791 2572 3879 subiectivis,
2623 3816 2662 3865 e
2711 3790 3036 3865 scientiae
3081 3814 3298 3889 regno
3343 3791 3627 3865 remotis
3648 3849 3669 3879 ,
3719 3814 3882 3865 mox
3933 3816 4068 3866 non

1030 3914 1324 3989 deerunt
1396 3914 1640 4002 multi,
1712 3911 1973 4011 quibus
2018 3911 2189 3985 tales
2266 3910 2628 4009 opiniones
2677 3910 2928 3984 tantilli
2977 3908 3314 3983 momenti
3361 3909 3726 3983 videantur
3744 3968 3765 3998 ,
3817 3919 3902 3984 ut
3951 3912 4068 3986 vix

1026 4058 1273 4131 operae
1346 4033 1647 4132 pretium
1716 4032 1840 4119 sit,
1910 4032 1999 4105 de
2063 4029 2201 4104 illis
2259 4055 2422 4105 cum
2465 4029 2618 4104 aliis
2663 4030 2994 4104 disserere
3011 4086 3030 4117 ,
3081 4028 3304 4102 multo
3347 4028 3582 4102 minus
3633 4030 4068 4106 contendere.

1027 4147 1401 4228 Quomodo
1424 4208 1445 4237 ,
1510 4174 1769 4248 quaeso
1787 4207 1808 4236 ,
1875 4150 2278 4225 huiusmodi
2333 4149 2642 4225 Ecclesia
2697 4148 2944 4222 mundi
3002 4146 3278 4246 spiritui
3321 4147 3640 4222 resistere
3689 4148 4068 4223 mundum·

1028 4292 1167 4366 que
1232 4267 1499 4341 vincere
1554 4270 1835 4368 potest?
1917 4267 2283 4343 Undenam
2337 4269 2414 4343 in
2463 4268 2584 4344 tali
2626 4267 2932 4343 Ecclesia
2985 4266 3290 4341 veritatis
3337 4290 3710 4365 praecones
3733 4324 3754 4355 ,
3805 4268 4068 4343 colum·

1026 4412 1159 4462 nae
1178 4445 1199 4475 ,
1266 4396 1603 4485 martyres
1659 4388 2003 4476 orientur,
2064 4388 2303 4485 quales
2348 4400 2554 4463 antea
2599 4411 2954 4462 summum
2994 4387 3147 4461 eius
3196 4384 3412 4461 decus
3453 4386 3791 4461 fuerunt?
3869 4388 4068 4467 Quid

1025 4510 1177 4608 ipsa
1235 4505 1435 4605 quies
1486 4506 1561 4581 in
1610 4506 1731 4583 tali
1776 4505 2117 4595 Ecclesia,
2176 4507 2310 4581 nisi
2350 4517 2474 4583 aut
2523 4507 2804 4581 maiore·
2827 4508 2894 4580 vi
2935 4506 3346 4581 instantium
3399 4506 3848 4605 procellarum
3875 4564 3894 4594 ,
3945 4517 4070 4582 aut

1108 4771 1158 4849 ¹)
1226 4768 1693 4830 Commonitorium
1713 4813 1727 4839 ,
1769 4768 1906 4849 Cap.
1952 4770 2051 4830 28.
