4728 5991
1828 595 2389 667 ORATIO.
3294 671 3301 676 ,
3498 601 3620 666 149

669 807 750 889 ¹¹⁸)
804 808 1112 868 Iomanes
1159 819 1634 876 swAsureanAu,
1693 804 2246 876 Amstelodamensis,
2301 825 2449 866 anno
2496 805 2645 868 1637
2689 813 2877 876 natus,
2934 825 3071 866 anus
3108 806 3243 866 item
3284 825 3355 866 ex
3392 806 3615 888 optimis

592 925 806 974 noenu
841 907 1154 988 discipulis,
1195 925 1342 966 anno
1383 909 1533 968 1667
1575 904 1782 967 Leidae
1819 906 2126 968 medicinae
2163 907 2358 970 doctor
2399 915 2641 980 creatus,
2686 915 2743 968 et
2769 907 2891 968 aliis
2924 907 3239 968 nominihus
3265 907 3335 968 de
3362 913 3621 970 anatome

595 1015 830 1074 humana
887 1012 1030 1072 bene
1091 1009 1320 1070 meritus
1381 1012 1496 1079 est,
1559 1013 1614 1068 et
1669 1028 1800 1070 vero
1855 1009 2188 1090 perficienda
2231 1030 2423 1072 recens
2462 1011 2688 1070 inventa
2730 1030 2985 1071 vasorum
3022 1011 3081 1070 in
3126 1010 3479 1072 cadaveribus
3518 1011 3623 1072 im-

594 1113 910 1198 plendorum
951 1113 1184 1174 ratione.
1261 1109 1593 1170 Praesertim
1631 1115 1814 1172 autem
1853 1111 2112 1172 inclaruit
2148 1111 2342 1174 studiis
2380 1113 2801 1188 entomologicis
2814 1157 2833 1182 ,
2886 1133 3119 1192 quorum
3164 1113 3373 1173 fruetus
3412 1113 3619 1193 praeci·

593 1237 754 1300 puos,
795 1215 983 1278 addita
1031 1213 1176 1274 vitae
1215 1212 1614 1292 descriptione,
1653 1229 2074 1274 nosnuAAvrus
2115 1214 2290 1275 edidit
2326 1216 2385 1274 in
2422 1235 2585 1294 opere
2618 1214 2939 1275 cultioribus
2976 1215 3257 1294 quibusvis
3298 1215 3615 1286 notissimo,

597 1319 684 1378 cui
722 1319 944 1378 titulus:
1001 1317 1192 1376 Biblia
1229 1321 1462 1374 naturae
1501 1313 1570 1374 L.
1613 1315 1683 1375 B.
1731 1318 1906 1380 1737.
2005 1317 2254 1378 Decessit
2296 1319 2723 1378 melancholicus
2762 1338 2909 1376 anno
2959 1323 3109 1376 1680
3128 1361 3142 1388 ,
3186 1315 3623 1376 hallucinationi-

597 1421 696 1482 bus
749 1419 1020 1496 religiosis
1067 1423 1402 1478 consumtus.
1485 1417 1574 1477 De
1619 1416 1728 1476 hoc
1769 1413 2010 1498 'aliisque
2061 1418 2304 1479 eiusdem
2343 1420 2465 1480 aevi
2506 1419 2828 1478 anatomicis
2870 1421 3018 1478 conf.
3060 1438 3119 1478 A.
3163 1438 3223 1478 A.
3266 1435 3619 1490 senAsrxAN,

599 1524 790 1584 Oratio
841 1524 908 1582 de
959 1525 1298 1582 Batavorum
1352 1520 1568 1578 saeculo
1618 1519 1817 1578 decimo
1873 1521 2102 1596 septimo
2140 1520 2206 1580 de
2243 1527 2489 1581 anatome
2526 1523 2740 1580 meritis
2780 1528 2945 1598 atque
2984 1523 3219 1581 inventis
3258 1523 3318 1581 in
3360 1541 3429 1582 ea
3459 1539 3628 1598 prae·

599 1625 994 1696 stantiesimis,
1034 1623 1096 1684 in
1140 1625 1288 1684 Arm.
1331 1623 1506 1680 Aead.
1553 1622 1719 1682 Gran.
1762 1643 1814 1684 a.
1858 1626 2278 1683 1831-1832.
2361 1624 2447 1682 De
2487 1623 2683 1683 iisdem
2716 1631 2773 1682 et
2808 1623 3153 1684 citerioribus
3186 1643 3403 1703 quoque
3421 1644 3480 1685 A.
3504 1621 3661 1685 'vax‘

599 1746 718 1790 nna
771 1743 923 1788 Boon
940 1771 956 1799 ,
1015 1725 1392 1786 Ossehiedenis
1439 1725 1537 1784 der
1587 1725 1976 1800 ontdelcleinqen
2031 1725 2092 1786 in
2143 1727 2209 1784 de
2255 1727 2651 1786 Ontleedkunde
2689 1745 2795 1786 van
2830 1727 2933 1785 den
2970 1730 3181 1786 mensch
3214 1728 3426 1802 qedaan
3464 1727 3525 1786 in
3563 1727 3629 1788 de

601 1830 954 1906 Noordelzjike
993 1828 1371 1888 Neda-landen
1387 1872 1402 1898 ‚
1445 1832 1533 1886 tot
1571 1847 1680 1886 aaa
1717 1829 1812 1886 hec
1849 1829 2004 1903 beqiu
2039 1829 2136 1888 der
2174 1830 2521 1903 neqentiende
2556 1847 2716 1888 eeuw.
2784 1830 3014 1889 Utreekt
3064 1834 3173 1888 185
3188 1833 3240 1889 1.

680 1931 758 2013 2⁴)
819 1934 1142 1992 Reeunnus
1202 1948 1284 1991 mr
1341 1947 1574 2000 eaAAF,
1637 1930 2174 2002 Schoonhoviensis,
2235 1950 2383 1990 anno
2452 1935 2603 1990 1641
2662 1939 2852 2003 natus,
2909 1938 3193 2011 postquam
3231 1931 3291 1990 in
3332 1929 3635 1992 Academia

601 2035 1140 2113 Lugduno·Batava,
1199 2033 1433 2092 ducibus
1487 2032 1806 2112 praesertim
1864 2049 2090 2094 uoumo
2131 2039 2188 2094 et
2225 2049 2437 2092 savio
2455 2077 2470 2104 ‚
2523 2034 2751 2092 medicis
2792 2033 3093 2112 disciplinis
3134 2051 3359 2113 operam
3402 2051 3635 2094 navave-

601 2143 718 2208 rat,
782 2136 1024 2216 primum
1081 2135 1539 2212 Andagavensem
1592 2135 1775 2215 petiit,
1837 2135 1933 2194 ubi
1981 2136 2208 2196 summis
2261 2135 2565 2196 honoribus
2616 2143 2841 2195 ornatus
2895 2143 3008 2206 est,
3066 2136 3264 2196 deinde
3316 2136 3639 2198 Parisinam.

601 2242 670 2302 1n
728 2240 964 2321 patriam
1019 2237 1194 2298 redux
1249 2238 1500 2317 inprimis
1555 2237 1788 2318 Delphis
1844 2239 2182 2298 Batavorum
2236 2246 2411 2298 artem
2466 2239 2755 2297 salutarem
2801 2239 3071 2299 factitavit
3114 2259 3283 2317 usque
3322 2238 3389 2298 ad
3432 2259 3640 2298 annum

610 2344 760 2404 1673
779 2385 796 2414 ,
853 2362 966 2420 quo
1017 2341 1138 2402 {ato
1191 2341 1408 2400 functus
1453 2347 1555 2400 est.
1632 2339 1902 2400 Inclaruit
1949 2341 2186 2400 maxime
2229 2339 2439 2400 meritis
2480 2340 2833 2412 anatomicis,
2880 2361 3004 2401 cum
3044 2341 3195 2413 aliis,
3242 2350 3358 2402 tum
3396 2361 3637 2421 praeser-

601 2444 706 2506 tim
759 2464 974 2520 organa
1035 2443 1300 2521 genitalia
1355 2443 1746 2523 spectantibus.
1827 2442 2090 2524 Siphonis
2147 2462 2302 2502 usum
2363 2442 2433 2502 ad
2492 2462 2621 2502 vasa
2670 2442 2995 2518 sanguinem
3050 2443 3305 2504 vehentia
3358 2444 3639 2524 implenda

605 2546 810 2626 primus
851 2563 1152 2606 eaAArms
1189 2545 1398 2606 docuit.

686 2649 764 2728 n)
827 2649 1130 2708 NrcoLAus
1183 2663 1492 2720 nomnen,
1549 2669 1698 2708 anno
1757 2650 1912 2708 1632
1955 2647 2198 2708 Traiecti
2237 2653 2431 2721 natus,
2480 2646 2713 2708 celebris
2754 2663 3271 2708 nxeurnsaosoxu
3312 2647 3639 2728 discipulus,

605 2757 664 2812 ut
727 2751 1042 2812 matheseos
1099 2756 1155 2811 et
1209 2747 1550 2822 medicinae,
1611 2751 1692 2812 ita
1741 2751 2062 2830 praesertim
2111 2757 2424 2822 anatomes,
2468 2750 2634 2811 etiam
2675 2756 3049 2830 comparatae,
3106 2749 3463 2830 peritissimus
3502 2750 3641 2823 tuit,

601 2853 752 2933 quod
809 2860 930 2914 tum
977 2852 1192 2935 scriptis
1231 2853 1512 2934 apparuit,
1569 2853 1714 2913 binis
1753 2853 2003 2934 inprimis
2043 2853 2114 2914 de
2153 2855 2407 2934 placenta
2441 2851 2747 2934 opusculis,
2792 2859 2909 2914 tum
2947 2852 3182 2923 scholis,
3226 2872 3363 2932 quas
3408 2853 3648 2933 primum

601 2955 660 3016 iu
727 2957 1022 3017 Athenaeo
1085 2955 1472 3019 Steinfurtensi
1491 3002 1508 3031 ,
1571 2955 1772 3019 deinde
1829 2957 1892 3017 in
1953 2956 2176 3018 Geli-ica
2230 2955 2533 3018 Academia
2584 2955 2809 3029 habuit,
2871 2956 3187 3018 Matheseos
3240 2962 3293 3018 et
3338 2956 3651 3019 Medicinae

605 3060 946 3120 Professoris
1003 3058 1164 3120 titulo
1228 3067 1474 3122 ornatus.
1559 3062 1724 3120 Anno
1785 3060 1942 3122 16‘12
1995 3071 2148 3120 metu
2201 3060 2593 3120 Francicorum
2650 3080 2964 3141 percussum
3020 3062 3251 3140 patriam
3306 3059 3483 3140 ipsum
3528 3059 3653 3119 reli-

604 3161 824 3241 quisse,
888 3160 1078 3221 docuit
1137 3178 1497 3223 Boumnxus
1558 3162 1618 3223 in
1677 3182 1844 3243 opere
1901 3162 2112 3242 saepius
2171 3162 2393 3223 laudato
2452 3165 2521 3223 Τ.
2578 3165 2627 3224 I.
2686 3184 2738 3243 p.
2801 3168 2935 3223 223.
2998 3165 3087 3223 Cf.
3144 3162 3311 3223 ctiam
3366 3178 3652 3235 sunum,

611 3267 774 3339 staj.
814 3265 966 3325 erud.
1007 3284 1064 3345 p.
1110 3267 1226 3325 144
1267 3285 1421 3345 seqq.

686 3368 774 3444 st)
835 3368 922 3429 De
973 3384 1201 3428 σηοω
1255 3385 1698 3429 nantiueunrio
1749 3372 2258 3445 (nannincounr),
2315 3388 2443 3429 cum
2498 3376 2801 3429 ceterarum
2862 3370 3167 3429 medicinae
3224 3368 3494 3449 partium,
3538 3374 3657 3427 tum

605 3468 861 3549 inprimis
915 3474 1230 3539 anatomes,
1285 3468 1346 3527 in
1399 3489 1506 3547 qua
1557 3464 1869 3529 memnon
1926 3475 2332 3552 praeceptorem
2379 3471 2571 3529 habuit
2590 3514 2605 3540 ,
2648 3471 2982 3549 peritissimo
3002 3516 3017 3540 ‚
3062 3466 3374 3531 conferatur
3411 3470 3652 3531 laudatio

605 3587 986 3631 noannAAvn
1049 3571 1342 3650 Opuseulis
1405 3570 1630 3631 medicis
1689 3572 2146 3633 Drelincurtianis
2203 3573 2276 3632 ab
2335 3572 2456 3651 ipso
2520 3572 2769 3633 collectis
2820 3580 2877 3633 et
2930 3572 3093 3633 editis
3145 3573 3475 3653 praemissa;
3532 3576 3652 3631 tum

609 3672 784 3735 etiam
823 3689 1212 3733 sAnmroarn
1259 3674 1473 3737 Introd.
1515 3676 1592 3733 ad
1625 3674 1778 3735 Mus.
1821 3679 1994 3735 Anat.
2036 3676 2212 3735 Aead.
2255 3677 2676 3749 Lamiam-Bac.
2718 3696 2773 3754 p.
2816 3692 2883 3735 rx
2928 3694 3043 3753 seq.
3061 3720 3075 3746 ,
3128 3682 3185 3733 et
3221 3690 3453 3736 eruor
3473 3717 3487 3743 ,
3531 3673 3571 3731 Ι.
3610 3674 3650 3731 l.

609 3778 680 3837 Τ.
747 3780 854 3848 17,
913 3797 970 3856 p.
1027 3780 1143 3837 318
1201 3796 1355 3855 seqq.
1433 3782 1598 3838 Anno
1657 3781 1810 3838 1633
1853 3778 2106 3838 Lutetiae
2145 3777 2478 3837 Parisiorum
2522 3786 2715 3847 natus,
2758 3777 2815 3833 in
2858 3775 3211 3835 universitate
3256 3774 3652 3853 Monspeliensi

611 3898 858 3940 summos
909 3880 965 3939 in
1023 3878 1298 3939 medicina
1355 3880 1592 3939 honores
1647 3890 1998 3953 consecutus,
2055 3881 2288 3962 primum
2334 3879 2533 3940 medici
2574 3879 2825 3939 militaris
2852 3878 3027 3937 ‘titulo
3068 3876 3314 3956 primarii
3356 3896 3425 3935 ex
3466 3882 3650 3935 aucto-

609 3978 780 4041 ritate
835 3980 1107 4043 Ludovici
1160 3999 1270 4043 xxv
1323 3982 1382 4042 iu
1433 3982 1724 4054 Flandria,
1781 3982 1978 4043 deinde
2018 3984 2236 4043 Parisiis
2277 3994 2449 4043 artem
2492 3982 2795 4052 factitavit,
2852 3980 3039 4055 Regiis
3074 3980 3242 4041 'etiam
3282 3978 3511 4039 medicis
3548 3982 3643 4040 ad·

612 4081 866 4162 scriptus.
947 4081 1088 4143 Inde
1141 4084 1212 4143 ab
1265 4097 1412 4143 anno
1472 4088 1624 4144 1668
1675 4084 1734 4143 in
1781 4084 2076 4145 Academia
2119 4086 2629 4161 Lugduno·Batava
2668 4106 2892 4145 munere
2935 4082 3264 4163 professorio
3310 4084 3527 4143 iunctus
3566 4090 3652 4143 est

611 4185 804 4264 ibique
862 4183 1104 4263 quinque
1165 4188 1396 4265 amplius
1457 4187 1626 4245 lustra
1681 4187 2000 4265 praesertim
2061 4197 2356 4247 anatomen
2413 4189 2632 4260 docuit,
2689 4188 2854 4268 idque
2908 4188 3147 4247 maximo
3191 4207 3316 4247 cum
3358 4188 3647 4267 applausu,

615 4286 950 4362 singularem
1005 4287 1229 4366 iusuper
1282 4289 1358 4347 ob
1411 4288 1544 4347 artis
1597 4290 1844 4349 salutaris
1894 4289 2148 4369 peritiam
2202 4291 2273 4349 ab
2327 4291 2683 4370 optimatibus
2736 4292 2962 4371 ipsoque
3020 4310 3149 4367 rege
3204 4307 3531 4350 autumno
3569 4306 3647 4350 111

615 4387 926 4449 honoribus
965 4397 1214 4449 ornatus.
1298 4389 1458 4450 Obiit
1499 4412 1550 4450 a.
1600 4395 1770 4454 1697.

702 4491 784 4569 ⁷⁷)
846 4494 1154 4559 Amomus
1192 4508 1384 4564 nucu,
1431 4493 1936 4563 Harderovicenus,
1976 4496 2176 4575 partim
2218 4496 2503 4565 Gelricae,
2547 4496 2743 4575 partim
2790 4497 3075 4556 Leidensis
3116 4496 3447 4561 Academiae
3480 4498 3651 4553 alum·

615 4614 760 4666 nus,
814 4594 870 4652 in
933 4596 1036 4655 hac
1087 4593 1310 4673 quidem
1360 4616 1412 4655 a.
1467 4599 1614 4659 1677
1661 4596 1972 4659 Medicinae
2009 4598 2203 4658 doctor
2243 4606 2487 4667 creatus,
2530 4604 2815 4679 postquam
2858 4600 3134 4673 integrum
3176 4598 3499 4656 decennium
3541 4590 3649 4673 pri·

617 4712 774 4759 mum
794 4740 808 4768 ‚
867 4702 928 4756 ut
976 4695 1222 4765 videtur,
1279 4697 1508 4776 Delphis
1559 4698 1889 4757 Batavorum
1909 4702 1940 4769 ,“
1979 4699 2178 4759 deinde
2229 4700 2424 4774 Hagae
2467 4698 2743 4757 Comitum
2786 4706 2843 4760 et
2884 4708 3057 4762 artem
3101 4700 3395 4756 salutarem
3434 4694 3649 4755 iactita-

619 4806 778 4861 verat
817 4806 872 4858 et
914 4799 1074 4859 titulo
1117 4798 1448 4859 Pmtessoris
1485 4807 1712 4859 ornatus
1751 4820 1878 4861 cum
1921 4807 2212 4861 anatomen
2233 4846 2248 4873 ,
2305 4810 2421 4861 tum
2466 4800 2829 4859 verisimiliter
2868 4801 3033 4859 etiam
3076 4797 3409 4873 chirurgiam
3450 4784 3649 4855 docue-
