4728 5991
998 568 1083 636 56
1819 565 3220 638 G.G.PLUYGERs›0RAT1a

997 766 1353 851 summum
1409 784 1554 863 est,
1607 774 1712 847 vel
1757 774 1987 873 potius
2029 773 2128 850 ita
2170 775 2679 863 necessarium,
2732 781 2813 849 ut
2855 773 2980 874 qui
3008 772 3253 849 ceteris
3284 772 3613 850 omnibus
3644 780 3719 849 et
3754 780 4046 850 naturae

996 895 1199 970 bonis
1261 904 1332 971 et
1394 894 1745 971 doctrinae
1801 892 2016 992 copiis
2080 901 2366 969 ornatus
2424 893 2516 968 ad
2574 893 3078 969 instituendam
3130 893 3563 969 inventutem
3618 893 3935 982 accedat,
3982 892 4046 968 is

995 1014 1056 1089 si
1125 1038 1208 1089 eo
1273 1022 1504 1089 careat
1522 1073 1542 1102 ,
1619 1011 2093 1110 nequidquam
2169 1012 2511 1088 elaboretx
2584 1012 2887 1088 habebat
2938 1012 3127 1087 enim
3188 1011 3549 1089 ardentem
3611 1036 3922 1089 amorem
3972 1019 4047 1088 et

991 1134 1148 1209 eius
1213 1134 1615 1236 disciplinae
1686 1156 1899 1231 quam
1971 1131 2324 1221 tradebat,
2393 1139 2466 1207 et
2507 1130 2740 1206 Vestri
2786 1130 3046 1232 quibus
3094 1156 3249 1208 eam
3295 1132 3637 1209 tradebat.
3735 1133 4044 1209 Litteras

993 1253 1315 1354 antiquas
1379 1252 1696 1342 amabat,
1765 1250 1931 1350 quie
1989 1249 2164 1327 nihil
2220 1251 2306 1326 iis
2368 1251 2458 1327 ad
2512 1251 2836 1327 virtutem
2886 1250 3332 1327 excellentius
3375 1258 3501 1326 aut
3554 1252 3897 1328 efficacius
3954 1252 4049 1329 ad

994 1372 1500 1449 humanitatem
1565 1396 1718 1447 esse
1775 1370 2151 1445 sentiebat:
2228 1369 2372 1446 Vos
2421 1372 2521 1445 ita
2576 1394 2767 1446 caros
2825 1369 3125 1446 habebat
3143 1427 3164 1458 ,
3216 1374 3297 1445 ut
3336 1370 3410 1445 id
3452 1370 3649 1446 vobis
3684 1370 4039 1472 impertire

993 1492 1307 1568 studeret
1365 1491 1556 1590 quod
1627 1488 2298 1589 praestantissimum
2366 1488 2501 1563 sibi
2562 1513 2713 1565 esse
2773 1488 3092 1578 videbat,
3160 1496 3377 1589 utque
3439 1489 3617 1565 nihil
3680 1490 4041 1591 antiquius

992 1612 1456 1699 existimaret,
1507 1633 1721 1709 quam
1772 1607 1916 1684 Vos
1963 1630 2087 1708 per
2135 1608 2525 1684 litterarum
2568 1609 2880 1685 studium
2930 1608 3021 1684 ad
3062 1608 3389 1684 virtutem
3430 1617 3504 1685 et
3540 1609 4049 1686 humanitatem

994 1730 1392 1831 perducere.
1511 1728 1702 1803 Hinc
1749 1751 2022 1803 summa
2066 1727 2218 1802 eius
2261 1728 2334 1803 in
2389 1753 2675 1804 munere
2732 1728 3176 1828 exsequendo
3220 1727 3463 1829 religio
3481 1786 3504 1819 ,
3568 1728 3731 1805 hinc
3775 1753 4051 1805 summa

993 1852 1069 1925 in
1139 1848 1387 1925 litteris
1451 1846 1844 1923 excolendis
1909 1846 2292 1923 industria:
2367 1872 2533 1924 nam
2599 1849 2945 1948 quidquid
3008 1855 3130 1925 aut
3184 1846 3401 1922 studii
3459 1854 3585 1923 ant
3633 1872 3881 1948 operae
3925 1853 4053 1926 aut

995 1968 1254 2045 laboris
1297 1965 1787 2067 impendebat,
1837 1964 1912 2039 id
1953 1963 2206 2041 Vestra
2243 1990 2455 2042 causa
2493 1974 2643 2042 erat
2682 1975 3104 2067 susceptum.
3186 1968 3362 2044 'Pam
3404 1967 3708 2069 religiosi
3748 1968 4051 2044 hominis

996 2100 1285 2186 tamque
1347 2086 1646 2162 amantis
1695 2084 2156 2185 praeceptoris
2209 2084 2439 2159 locum
2488 2093 2823 2185 capturus
2872 2086 3046 2185 quid
3092 2087 3317 2163 maius
3358 2088 3684 2187 profitear
3736 2095 3863 2163 aut
3907 2085 4049 2162 Vo-

999 2209 1111 2285 bis
1170 2208 1528 2308 pollicear‚
1594 2227 1809 2304 quam
1869 2202 2092 2279 simile
2145 2202 2223 2278 in
2278 2203 2423 2279 Vos
2474 2227 2588 2280 me
2648 2204 2965 2280 studium
3014 2206 3419 2282 habiturum
3472 2230 3623 2282 esse
3669 2230 4050 2307 paremque

997 2328 1213 2404 fidem
1272 2353 1355 2404 ac
1417 2324 1841 2425 religionem.
1942 2323 2087 2399 Vos
2129 2333 2367 2401 autem
2386 2383 2409 2414 ,
2461 2324 2735 2425 Optimi
2782 2324 3277 2403 Adolescentes
3294 2384 3315 2416 ,
3362 2350 3534 2427 rogo
3555 2383 3578 2416 ‚
3626 2334 3712 2401 ut
3756 2325 4042 2403 brevem

998 2442 1175 2519 mihi
1233 2464 1516 2518 usuram
1570 2439 1792 2517 bonae
1849 2441 1938 2516 de
1991 2466 2106 2519 me
2146 2443 2494 2544 opinionis
2538 2444 2913 2521 concedere
2955 2444 3199 2523 velitis.
3298 2447 3372 2520 N
3372 2469 3489 2522 am
3534 2445 3596 2521 si
3637 2470 3755 2523 me
3794 2453 4044 2523 notum

947 2605 952 2613 ·
999 2561 1344 2638 habebitis
1358 2620 1380 2652 ‚
1451 2560 1511 2635 si
1562 2584 1790 2637 meam
1839 2560 1912 2636 in
1972 2560 2258 2640 Vestras
2320 2564 2655 2643 utilitates
2710 2590 3127 2666 propensam
3173 2565 3600 2643 voluntatem
3641 2565 4039 2666 cognoveri·

997 2681 1090 2759 tis
1108 2741 1129 2772 ‚
1197 2705 1396 2782 spero
1453 2705 1534 2757 ac
1585 2680 1858 2758 confido
1917 2681 2063 2758 fore
2083 2740 2104 2772 ,
2171 2691 2254 2760 ut
2295 2683 2621 2761 Vestram
2664 2684 2811 2763 Vos
2862 2686 3290 2762 voluntatem
3335 2682 3511 2761 mihi
3552 2691 3877 2763 mutuam
3920 2684 4044 2761 tri·

998 2802 1258 2880 buatis.
1353 2802 1509 2901 Ego
1559 2825 1718 2877 vero
1762 2801 1863 2877 ita
1916 2800 2205 2880 demum
2254 2805 2529 2881 muneri
2582 2805 2775 2905 quod
2820 2807 3141 2908 auspicor
3183 2804 3593 2883 satisfecisse
3640 2804 3817 2881 mihi
3864 2802 4053 2882 vide·

1001 2922 1167 3012 bor,
1215 2922 1319 2998 ita
1365 2920 1653 2997 demum
1703 2920 1878 2998 mihi
1918 2919 2068 3022 ipse
2108 2922 2435 3026 placebo,
2508 2924 2570 3001 si
2617 2924 2769 3026 pari
2820 2948 2935 3002 me
2987 2925 3133 3003 Vos
3176 2925 3459 3004 caritate
3508 2922 3813 3028 amplexi
3856 2922 4049 3004 eritis

1003 3041 1294 3142 parique
1340 3063 1574 3118 amore
1591 3099 1614 3133 ‚
1661 3047 1875 3140 atque
1922 3041 1996 3118 in
2047 3067 2616 3122 normannum
2664 3044 3142 3123 conferebatis.

2403 3885 2660 3950 Dle
