<?xml version="1.0" encoding="UTF-8"?>
<!DOCTYPE html PUBLIC "-//W3C//DTD XHTML 1.0 Transitional//EN"
    "http://www.w3.org/TR/xhtml1/DTD/xhtml1-transitional.dtd">
<html xmlns="http://www.w3.org/1999/xhtml" xml:lang="en" lang="en">
 <head>
  <title>
</title>
<meta http-equiv="Content-Type" content="text/html;charset=utf-8" />
  <meta name='ocr-system' content='tesseract 3.04.00' />
  <meta name='ocr-capabilities' content='ocr_page ocr_carea ocr_par ocr_line ocrx_word'/>
</head>
<body>
  <div class='ocr_page' id='page_1' title='image "annalesacademic03confgoog_0022.png"; bbox 0 0 4728 5991; ppageno 0'>
   <div class='ocr_carea' id='block_1_1' title="bbox 1007 577 2869 650">
    <p class='ocr_par' dir='ltr' id='par_1_1' title="bbox 1007 577 2869 650">
     <span class='ocr_line' id='line_1_1' title="bbox 1007 577 2869 650; baseline 0.001 -5"><span class='ocrx_word' id='word_1_1' title='bbox 1007 577 1094 645; x_wconf 78' lang='lat'><strong>12</strong></span> <span class='ocrx_word' id='word_1_2' title='bbox 2190 579 2869 650; x_wconf 72' lang='lat' dir='ltr'>1³.1,.RYKE</span> 
     </span>
    </p>
   </div>
   <div class='ocr_carea' id='block_1_2' title="bbox 993 783 4064 4843">
    <p class='ocr_par' dir='ltr' id='par_1_2' title="bbox 1001 783 4057 2088">
     <span class='ocr_line' id='line_1_2' title="bbox 1004 783 4049 891; baseline -0.001 -29"><span class='ocrx_word' id='word_1_3' title='bbox 1004 783 1236 886; x_wconf 89' lang='lat' dir='ltr'><strong>plinae</strong></span> <span class='ocrx_word' id='word_1_4' title='bbox 1255 843 1278 877; x_wconf 87' lang='lat'>,</span> <span class='ocrx_word' id='word_1_5' title='bbox 1340 810 1520 888; x_wconf 88' lang='lat' dir='ltr'><strong>quae</strong></span> <span class='ocrx_word' id='word_1_6' title='bbox 1578 785 1840 864; x_wconf 88' lang='lat' dir='ltr'><strong>nullius</strong></span> <span class='ocrx_word' id='word_1_7' title='bbox 1903 788 2137 865; x_wconf 90' lang='lat' dir='ltr'><strong>animo</strong></span> <span class='ocrx_word' id='word_1_8' title='bbox 2191 787 2681 891; x_wconf 75' lang='lat' dir='ltr'><strong>comprehendi</strong></span> <span class='ocrx_word' id='word_1_9' title='bbox 2739 784 3045 887; x_wconf 80' lang='lat' dir='ltr'>possint,</span> <span class='ocrx_word' id='word_1_10' title='bbox 3094 785 3231 862; x_wconf 90' lang='lat' dir='ltr'><strong>nisi</strong></span> <span class='ocrx_word' id='word_1_11' title='bbox 3273 784 3399 886; x_wconf 91' lang='lat' dir='ltr'><strong>qui</strong></span> <span class='ocrx_word' id='word_1_12' title='bbox 3444 783 3519 859; x_wconf 90' lang='lat' dir='ltr'><strong>in</strong></span> <span class='ocrx_word' id='word_1_13' title='bbox 3572 783 4049 860; x_wconf 77' lang='lat' dir='ltr'>sublimiorem</span> 
     </span>
     <span class='ocr_line' id='line_1_3' title="bbox 1001 904 4051 1009; baseline -0.001 -27"><span class='ocrx_word' id='word_1_14' title='bbox 1001 913 1272 1006; x_wconf 88' lang='lat' dir='ltr'><strong>partem</strong></span> <span class='ocrx_word' id='word_1_15' title='bbox 1345 905 1865 1009; x_wconf 87' lang='lat' dir='ltr'><strong>disciplinarum</strong></span> <span class='ocrx_word' id='word_1_16' title='bbox 1930 909 2575 986; x_wconf 88' lang='lat' dir='ltr'><strong>mathematicarum</strong></span> <span class='ocrx_word' id='word_1_17' title='bbox 2646 905 3069 1008; x_wconf 87' lang='lat' dir='ltr'><strong>penetravit;</strong></span> <span class='ocrx_word' id='word_1_18' title='bbox 3138 913 3210 980; x_wconf 94' lang='lat' dir='ltr'><strong>et</strong></span> <span class='ocrx_word' id='word_1_19' title='bbox 3278 904 3729 980; x_wconf 85' lang='lat' dir='ltr'><strong>nihilominus</strong></span> <span class='ocrx_word' id='word_1_20' title='bbox 3818 911 4051 980; x_wconf 88' lang='lat' dir='ltr'><strong>tamen</strong></span> 
     </span>
     <span class='ocr_line' id='line_1_4' title="bbox 1007 1023 4051 1130; baseline -0.001 -28"><span class='ocrx_word' id='word_1_21' title='bbox 1007 1026 1530 1104; x_wconf 87' lang='lat' dir='ltr'><strong>concedendum</strong></span> <span class='ocrx_word' id='word_1_22' title='bbox 1583 1053 1736 1104; x_wconf 86' lang='lat' dir='ltr'><strong>esse</strong></span> <span class='ocrx_word' id='word_1_23' title='bbox 1787 1027 2132 1112; x_wconf 86' lang='lat' dir='ltr'><strong>contendo</strong></span> <span class='ocrx_word' id='word_1_24' title='bbox 2177 1029 2346 1106; x_wconf 89' lang='lat' dir='ltr'><strong>alias</strong></span> <span class='ocrx_word' id='word_1_25' title='bbox 2392 1037 2623 1130; x_wconf 88' lang='lat' dir='ltr'><strong>partes</strong></span> <span class='ocrx_word' id='word_1_26' title='bbox 2674 1052 2825 1104; x_wconf 88' lang='lat' dir='ltr'><strong>esse</strong></span> <span class='ocrx_word' id='word_1_27' title='bbox 2838 1085 2859 1117; x_wconf 86' lang='lat'>,</span> <span class='ocrx_word' id='word_1_28' title='bbox 2906 1049 3213 1125; x_wconf 88' lang='lat' dir='ltr'><strong>quarum·</strong></span> <span class='ocrx_word' id='word_1_29' title='bbox 3253 1025 3487 1101; x_wconf 86' lang='lat' dir='ltr'><strong>aditus</strong></span> <span class='ocrx_word' id='word_1_30' title='bbox 3538 1025 3751 1100; x_wconf 87' lang='lat' dir='ltr'><strong>etiam</strong></span> <span class='ocrx_word' id='word_1_31' title='bbox 3796 1023 3883 1100; x_wconf 91' lang='lat' dir='ltr'><strong>iis</strong></span> <span class='ocrx_word' id='word_1_32' title='bbox 3926 1049 4051 1100; x_wconf 88' lang='lat' dir='ltr'><strong>na-</strong></span> 
     </span>
     <span class='ocr_line' id='line_1_5' title="bbox 1005 1143 4051 1250; baseline 0 -30"><span class='ocrx_word' id='word_1_33' title='bbox 1005 1151 1205 1222; x_wconf 85' lang='lat' dir='ltr'><strong>turae</strong></span> <span class='ocrx_word' id='word_1_34' title='bbox 1264 1147 1764 1224; x_wconf 79' lang='lat' dir='ltr'><strong>scrutatoribus</strong></span> <span class='ocrx_word' id='word_1_35' title='bbox 1815 1155 2088 1248; x_wconf 86' lang='lat' dir='ltr'><strong>pateat,</strong></span> <span class='ocrx_word' id='word_1_36' title='bbox 2151 1149 2274 1250; x_wconf 91' lang='lat' dir='ltr'><strong>qui</strong></span> <span class='ocrx_word' id='word_1_37' title='bbox 2332 1149 2539 1250; x_wconf 86' lang='lat' dir='ltr'><strong>longe</strong></span> <span class='ocrx_word' id='word_1_38' title='bbox 2600 1148 2860 1224; x_wconf 88' lang='lat' dir='ltr'><strong>absunt</strong></span> <span class='ocrx_word' id='word_1_39' title='bbox 2917 1173 2960 1223; x_wconf 89' lang='lat' dir='ltr'><strong>a</strong></span> <span class='ocrx_word' id='word_1_40' title='bbox 3020 1145 3322 1248; x_wconf 84' lang='lat' dir='ltr'><strong>perfecta</strong></span> <span class='ocrx_word' id='word_1_41' title='bbox 3382 1153 3457 1222; x_wconf 88' lang='lat' dir='ltr'><strong>et</strong></span> <span class='ocrx_word' id='word_1_42' title='bbox 3520 1143 3849 1221; x_wconf 86' lang='lat' dir='ltr'><strong>omnibus</strong></span> <span class='ocrx_word' id='word_1_43' title='bbox 3920 1167 4051 1220; x_wconf 85' lang='lat' dir='ltr'><strong>nu-</strong></span> 
     </span>
     <span class='ocr_line' id='line_1_6' title="bbox 1009 1263 4052 1369; baseline -0.001 -29"><span class='ocrx_word' id='word_1_44' title='bbox 1009 1265 1220 1341; x_wconf 87' lang='lat' dir='ltr'><strong>meris</strong></span> <span class='ocrx_word' id='word_1_45' title='bbox 1279 1265 1599 1344; x_wconf 87' lang='lat' dir='ltr'><strong>absoluta</strong></span> <span class='ocrx_word' id='word_1_46' title='bbox 1645 1292 1879 1344; x_wconf 88' lang='lat' dir='ltr'><strong>rerum</strong></span> <span class='ocrx_word' id='word_1_47' title='bbox 1925 1269 2571 1346; x_wconf 86' lang='lat' dir='ltr'><strong>mathematicarum</strong></span> <span class='ocrx_word' id='word_1_48' title='bbox 2614 1267 3029 1369; x_wconf 80' lang='lat' dir='ltr'><strong>cognitione.</strong></span> <span class='ocrx_word' id='word_1_49' title='bbox 3128 1266 3423 1342; x_wconf 87' lang='lat' dir='ltr'><strong>Possum</strong></span> <span class='ocrx_word' id='word_1_50' title='bbox 3470 1263 3827 1340; x_wconf 88' lang='lat' dir='ltr'><strong>nominare</strong></span> <span class='ocrx_word' id='word_1_51' title='bbox 3878 1263 4052 1366; x_wconf 81' lang='lat' dir='ltr'><strong>phy·</strong></span> 
     </span>
     <span class='ocr_line' id='line_1_7' title="bbox 1009 1382 4057 1490; baseline 0 -31"><span class='ocrx_word' id='word_1_52' title='bbox 1009 1382 1220 1475; x_wconf 86' lang='lat' dir='ltr'><strong>sicos,</strong></span> <span class='ocrx_word' id='word_1_53' title='bbox 1265 1385 1422 1485; x_wconf 86' lang='lat' dir='ltr'><strong>qui,</strong></span> <span class='ocrx_word' id='word_1_54' title='bbox 1472 1385 1534 1461; x_wconf 91' lang='lat' dir='ltr'><strong>si</strong></span> <span class='ocrx_word' id='word_1_55' title='bbox 1575 1387 1878 1463; x_wconf 77' lang='lat' dir='ltr'><strong>examini</strong></span> <span class='ocrx_word' id='word_1_56' title='bbox 1925 1413 2000 1464; x_wconf 86' lang='lat' dir='ltr'><strong>se</strong></span> <span class='ocrx_word' id='word_1_57' title='bbox 2045 1389 2467 1466; x_wconf 87' lang='lat' dir='ltr'><strong>subiicerent</strong></span> <span class='ocrx_word' id='word_1_58' title='bbox 2510 1414 2635 1490; x_wconf 92' lang='lat' dir='ltr'><strong>pro</strong></span> <span class='ocrx_word' id='word_1_59' title='bbox 2656 1390 2881 1490; x_wconf 88' lang='lat' dir='ltr'><strong>gradu</strong></span> <span class='ocrx_word' id='word_1_60' title='bbox 2904 1385 3294 1475; x_wconf 89' lang='lat' dir='ltr'><strong>candidati,</strong></span> <span class='ocrx_word' id='word_1_61' title='bbox 3345 1410 3388 1461; x_wconf 89' lang='lat' dir='ltr'><strong>a</strong></span> <span class='ocrx_word' id='word_1_62' title='bbox 3426 1385 3785 1462; x_wconf 85' lang='lat' dir='ltr'><strong>Facultate</strong></span> <span class='ocrx_word' id='word_1_63' title='bbox 3820 1393 4057 1461; x_wconf 88' lang='lat' dir='ltr'><strong>nostra</strong></span> 
     </span>
     <span class='ocr_line' id='line_1_8' title="bbox 1003 1502 4055 1611; baseline 0.001 -33"><span class='ocrx_word' id='word_1_64' title='bbox 1003 1525 1146 1580; x_wconf 88' lang='lat' dir='ltr'><strong>non</strong></span> <span class='ocrx_word' id='word_1_65' title='bbox 1213 1502 1752 1583; x_wconf 80' lang='lat' dir='ltr'><strong>admitterentur</strong></span> <span class='ocrx_word' id='word_1_66' title='bbox 1813 1516 2097 1609; x_wconf 90' lang='lat' dir='ltr'><strong>propter</strong></span> <span class='ocrx_word' id='word_1_67' title='bbox 2153 1510 2619 1611; x_wconf 78' lang='lat' dir='ltr'><strong>ignorantiam</strong></span> <span class='ocrx_word' id='word_1_68' title='bbox 2682 1508 2783 1584; x_wconf 91' lang='lat' dir='ltr'><strong>rei</strong></span> <span class='ocrx_word' id='word_1_69' title='bbox 2844 1505 3369 1582; x_wconf 80' lang='lat' dir='ltr'><strong>mathematicae</strong></span> <span class='ocrx_word' id='word_1_70' title='bbox 3388 1561 3410 1595; x_wconf 90' lang='lat'><em>,</em></span> <span class='ocrx_word' id='word_1_71' title='bbox 3474 1528 3771 1604; x_wconf 89' lang='lat' dir='ltr'><strong>quorum</strong></span> <span class='ocrx_word' id='word_1_72' title='bbox 3820 1511 4055 1580; x_wconf 87' lang='lat' dir='ltr'><strong>tamen</strong></span> 
     </span>
     <span class='ocr_line' id='line_1_9' title="bbox 1005 1623 4056 1727; baseline 0.001 -29"><span class='ocrx_word' id='word_1_73' title='bbox 1005 1623 1292 1700; x_wconf 89' lang='lat' dir='ltr'><strong>nomina</strong></span> <span class='ocrx_word' id='word_1_74' title='bbox 1335 1650 1389 1726; x_wconf 37' lang='lat' dir='ltr'><strong>a,</strong></span> <span class='ocrx_word' id='word_1_75' title='bbox 1416 1633 1616 1726; x_wconf 87' lang='lat' dir='ltr'><strong>grata</strong></span> <span class='ocrx_word' id='word_1_76' title='bbox 1658 1628 2061 1727; x_wconf 85' lang='lat' dir='ltr'><strong>posteritate</strong></span> <span class='ocrx_word' id='word_1_77' title='bbox 2100 1629 2641 1708; x_wconf 87' lang='lat' dir='ltr'><strong>celebrabuntur</strong></span> <span class='ocrx_word' id='word_1_78' title='bbox 2678 1629 2876 1705; x_wconf 80' lang='lat' dir='ltr'><strong>iuxta</strong></span> <span class='ocrx_word' id='word_1_79' title='bbox 2912 1627 3195 1704; x_wconf 90' lang='lat' dir='ltr'><strong>nomina</strong></span> <span class='ocrx_word' id='word_1_80' title='bbox 3231 1647 3570 1700; x_wconf 72' lang='lat' dir='ltr'><strong>nnwrom</strong></span> <span class='ocrx_word' id='word_1_81' title='bbox 3607 1632 3680 1700; x_wconf 89' lang='lat' dir='ltr'><strong>et</strong></span> <span class='ocrx_word' id='word_1_82' title='bbox 3720 1646 4056 1701; x_wconf 68' lang='lat' dir='ltr'><strong>unsrun.</strong></span> 
     </span>
     <span class='ocr_line' id='line_1_10' title="bbox 1009 1743 4057 1847; baseline -0.002 -25"><span class='ocrx_word' id='word_1_83' title='bbox 1009 1743 1459 1845; x_wconf 86' lang='lat' dir='ltr'><strong>Quapropter</strong></span> <span class='ocrx_word' id='word_1_84' title='bbox 1512 1745 1842 1847; x_wconf 89' lang='lat' dir='ltr'><strong>equidem</strong></span> <span class='ocrx_word' id='word_1_85' title='bbox 1891 1772 2004 1823; x_wconf 91' lang='lat' dir='ltr'><strong>me</strong></span> <span class='ocrx_word' id='word_1_86' title='bbox 2061 1774 2282 1826; x_wconf 88' lang='lat' dir='ltr'><strong>unum</strong></span> <span class='ocrx_word' id='word_1_87' title='bbox 2334 1776 2423 1827; x_wconf 70' lang='lat' dir='ltr'><strong>ex</strong></span> <span class='ocrx_word' id='word_1_88' title='bbox 2470 1751 2559 1826; x_wconf 85' lang='lat' dir='ltr'><strong>iis</strong></span> <span class='ocrx_word' id='word_1_89' title='bbox 2606 1748 2847 1826; x_wconf 89' lang='lat' dir='ltr'><strong>haberi</strong></span> <span class='ocrx_word' id='word_1_90' title='bbox 2888 1747 3091 1822; x_wconf 86' lang='lat' dir='ltr'><strong>velim</strong></span> <span class='ocrx_word' id='word_1_91' title='bbox 3108 1806 3129 1837; x_wconf 88' lang='lat'><em>‚</em></span> <span class='ocrx_word' id='word_1_92' title='bbox 3176 1744 3301 1846; x_wconf 90' lang='lat' dir='ltr'><strong>qui</strong></span> <span class='ocrx_word' id='word_1_93' title='bbox 3348 1743 3489 1819; x_wconf 85' lang='lat' dir='ltr'><strong>vim</strong></span> <span class='ocrx_word' id='word_1_94' title='bbox 3539 1743 4017 1844; x_wconf 79' lang='lat' dir='ltr'><strong>productivum</strong></span> <span class='ocrx_word' id='word_1_95' title='bbox 4035 1801 4057 1833; x_wconf 86' lang='lat'>,</span> 
     </span>
     <span class='ocr_line' id='line_1_11' title="bbox 1009 1862 4055 1967; baseline -0.001 -27"><span class='ocrx_word' id='word_1_96' title='bbox 1009 1887 1190 1963; x_wconf 88' lang='lat' dir='ltr'><strong>quae</strong></span> <span class='ocrx_word' id='word_1_97' title='bbox 1262 1864 1518 1940; x_wconf 85' lang='lat' dir='ltr'><strong>dicitur</strong></span> <span class='ocrx_word' id='word_1_98' title='bbox 1533 1923 1554 1955; x_wconf 86' lang='lat'>,</span> <span class='ocrx_word' id='word_1_99' title='bbox 1619 1865 2014 1966; x_wconf 84' lang='lat' dir='ltr'><strong>praeferant</strong></span> <span class='ocrx_word' id='word_1_100' title='bbox 2077 1870 2595 1946; x_wconf 70' lang='lat' dir='ltr'><strong>laudatissimae</strong></span> <span class='ocrx_word' id='word_1_101' title='bbox 2666 1867 3013 1945; x_wconf 88' lang='lat' dir='ltr'><strong>doctrinae</strong></span> <span class='ocrx_word' id='word_1_102' title='bbox 3036 1925 3057 1956; x_wconf 91' lang='lat'>,</span> <span class='ocrx_word' id='word_1_103' title='bbox 3117 1862 3524 1967; x_wconf 88' lang='lat' dir='ltr'><strong>praesertim</strong></span> <span class='ocrx_word' id='word_1_104' title='bbox 3576 1863 3637 1938; x_wconf 91' lang='lat' dir='ltr'><strong>si</strong></span> <span class='ocrx_word' id='word_1_105' title='bbox 3687 1862 3857 1940; x_wconf 88' lang='lat' dir='ltr'><strong>haec</strong></span> <span class='ocrx_word' id='word_1_106' title='bbox 3902 1869 4055 1939; x_wconf 87' lang='lat' dir='ltr'><strong>tum</strong></span> 
     </span>
     <span class='ocr_line' id='line_1_12' title="bbox 1009 1983 2636 2088; baseline 0.004 -31"><span class='ocrx_word' id='word_1_107' title='bbox 1009 1983 1294 2060; x_wconf 90' lang='lat' dir='ltr'><strong>demum</strong></span> <span class='ocrx_word' id='word_1_108' title='bbox 1343 1985 1775 2086; x_wconf 80' lang='lat' dir='ltr'><strong>acquiratur,</strong></span> <span class='ocrx_word' id='word_1_109' title='bbox 1828 1987 1955 2063; x_wconf 89' lang='lat' dir='ltr'><strong>ubi</strong></span> <span class='ocrx_word' id='word_1_110' title='bbox 1997 1986 2118 2063; x_wconf 89' lang='lat' dir='ltr'><strong>illa</strong></span> <span class='ocrx_word' id='word_1_111' title='bbox 2161 1987 2479 2088; x_wconf 82' lang='lat' dir='ltr'><strong>neglecta</strong></span> <span class='ocrx_word' id='word_1_112' title='bbox 2524 1987 2636 2063; x_wconf 74' lang='lat' dir='ltr'><strong>sit.</strong></span> 
     </span>
    </p>

    <p class='ocr_par' dir='ltr' id='par_1_3' title="bbox 1005 2101 4064 3166">
     <span class='ocr_line' id='line_1_13' title="bbox 1109 2101 4063 2208; baseline -0 -29"><span class='ocrx_word' id='word_1_113' title='bbox 1109 2103 1350 2180; x_wconf 90' lang='lat' dir='ltr'><strong>Nolim</strong></span> <span class='ocrx_word' id='word_1_114' title='bbox 1406 2112 1640 2182; x_wconf 88' lang='lat' dir='ltr'><strong>tamen</strong></span> <span class='ocrx_word' id='word_1_115' title='bbox 1691 2105 1871 2182; x_wconf 88' lang='lat' dir='ltr'><strong>hanc</strong></span> <span class='ocrx_word' id='word_1_116' title='bbox 1919 2106 2317 2208; x_wconf 90' lang='lat' dir='ltr'><strong>opinionem</strong></span> <span class='ocrx_word' id='word_1_117' title='bbox 2368 2106 2731 2207; x_wconf 85' lang='lat' dir='ltr'><strong>amplexus</strong></span> <span class='ocrx_word' id='word_1_118' title='bbox 2754 2163 2775 2194; x_wconf 88' lang='lat'>‚</span> <span class='ocrx_word' id='word_1_119' title='bbox 2827 2127 3007 2204; x_wconf 88' lang='lat' dir='ltr'><strong>quae</strong></span> <span class='ocrx_word' id='word_1_120' title='bbox 3050 2101 3320 2204; x_wconf 85' lang='lat' dir='ltr'><strong>vulgari</strong></span> <span class='ocrx_word' id='word_1_121' title='bbox 3368 2102 3677 2204; x_wconf 90' lang='lat' dir='ltr'><strong>opinioni</strong></span> <span class='ocrx_word' id='word_1_122' title='bbox 3722 2102 4063 2179; x_wconf 84' lang='lat' dir='ltr'><strong>contraria</strong></span> 
     </span>
     <span class='ocr_line' id='line_1_14' title="bbox 1013 2222 4064 2327; baseline -0 -29"><span class='ocrx_word' id='word_1_123' title='bbox 1013 2229 1122 2298; x_wconf 89' lang='lat' dir='ltr'><strong>est</strong></span> <span class='ocrx_word' id='word_1_124' title='bbox 1140 2282 1162 2314; x_wconf 86' lang='lat'>,</span> <span class='ocrx_word' id='word_1_125' title='bbox 1227 2222 1303 2300; x_wconf 92' lang='lat' dir='ltr'><strong>in</strong></span> <span class='ocrx_word' id='word_1_126' title='bbox 1373 2249 1493 2300; x_wconf 89' lang='lat' dir='ltr'><strong>eos</strong></span> <span class='ocrx_word' id='word_1_127' title='bbox 1549 2225 1838 2324; x_wconf 88' lang='lat' dir='ltr'><strong>iniquus</strong></span> <span class='ocrx_word' id='word_1_128' title='bbox 1917 2249 2070 2301; x_wconf 89' lang='lat' dir='ltr'><strong>esse</strong></span> <span class='ocrx_word' id='word_1_129' title='bbox 2089 2285 2110 2317; x_wconf 92' lang='lat'>,</span> <span class='ocrx_word' id='word_1_130' title='bbox 2177 2226 2300 2327; x_wconf 90' lang='lat' dir='ltr'><strong>qui</strong></span> <span class='ocrx_word' id='word_1_131' title='bbox 2359 2227 2435 2302; x_wconf 92' lang='lat' dir='ltr'><strong>in</strong></span> <span class='ocrx_word' id='word_1_132' title='bbox 2488 2224 2720 2304; x_wconf 87' lang='lat' dir='ltr'><strong>studia</strong></span> <span class='ocrx_word' id='word_1_133' title='bbox 2764 2222 3087 2299; x_wconf 84' lang='lat' dir='ltr'><strong>scientiae</strong></span> <span class='ocrx_word' id='word_1_134' title='bbox 3131 2222 3509 2300; x_wconf 89' lang='lat' dir='ltr'><strong>incubuere</strong></span> <span class='ocrx_word' id='word_1_135' title='bbox 3556 2248 3601 2301; x_wconf 89' lang='lat' dir='ltr'><strong>a</strong></span> <span class='ocrx_word' id='word_1_136' title='bbox 3646 2222 3943 2323; x_wconf 86' lang='lat' dir='ltr'><strong>pueritia</strong></span> <span class='ocrx_word' id='word_1_137' title='bbox 3987 2228 4064 2297; x_wconf 87' lang='lat' dir='ltr'><strong>et</strong></span> 
     </span>
     <span class='ocr_line' id='line_1_15' title="bbox 1011 2342 4059 2445; baseline -0.001 -27"><span class='ocrx_word' id='word_1_138' title='bbox 1011 2345 1236 2443; x_wconf 84' lang='lat' dir='ltr'><strong>saepe</strong></span> <span class='ocrx_word' id='word_1_139' title='bbox 1300 2344 1392 2419; x_wconf 89' lang='lat' dir='ltr'><strong>ad</strong></span> <span class='ocrx_word' id='word_1_140' title='bbox 1471 2345 2030 2445; x_wconf 88' lang='lat' dir='ltr'><strong>amplificandam</strong></span> <span class='ocrx_word' id='word_1_141' title='bbox 2104 2346 2487 2422; x_wconf 88' lang='lat' dir='ltr'><strong>doctrinam</strong></span> <span class='ocrx_word' id='word_1_142' title='bbox 2580 2343 2827 2421; x_wconf 79' lang='lat' dir='ltr'><strong>minus</strong></span> <span class='ocrx_word' id='word_1_143' title='bbox 2896 2342 3262 2420; x_wconf 88' lang='lat' dir='ltr'><strong>conferunt</strong></span> <span class='ocrx_word' id='word_1_144' title='bbox 3335 2367 3549 2443; x_wconf 89' lang='lat' dir='ltr'><strong>quam</strong></span> <span class='ocrx_word' id='word_1_145' title='bbox 3628 2343 3753 2445; x_wconf 87' lang='lat' dir='ltr'><strong>qui</strong></span> <span class='ocrx_word' id='word_1_146' title='bbox 3831 2347 4059 2418; x_wconf 89' lang='lat' dir='ltr'><strong>matu·</strong></span> 
     </span>
     <span class='ocr_line' id='line_1_16' title="bbox 1006 2461 4061 2562; baseline 0 -24"><span class='ocrx_word' id='word_1_147' title='bbox 1006 2461 1172 2538; x_wconf 88' lang='lat' dir='ltr'><strong>riori</strong></span> <span class='ocrx_word' id='word_1_148' title='bbox 1237 2469 1466 2540; x_wconf 88' lang='lat' dir='ltr'><strong>aetate</strong></span> <span class='ocrx_word' id='word_1_149' title='bbox 1527 2489 1602 2540; x_wconf 90' lang='lat' dir='ltr'><strong>se</strong></span> <span class='ocrx_word' id='word_1_150' title='bbox 1681 2464 1774 2540; x_wconf 89' lang='lat' dir='ltr'><strong>ad</strong></span> <span class='ocrx_word' id='word_1_151' title='bbox 1839 2464 2010 2541; x_wconf 88' lang='lat' dir='ltr'><strong>haec</strong></span> <span class='ocrx_word' id='word_1_152' title='bbox 2070 2465 2304 2542; x_wconf 85' lang='lat' dir='ltr'><strong>studia</strong></span> <span class='ocrx_word' id='word_1_153' title='bbox 2361 2465 2827 2542; x_wconf 89' lang='lat' dir='ltr'><strong>contulerunt.</strong></span> <span class='ocrx_word' id='word_1_154' title='bbox 2928 2463 3181 2562; x_wconf 90' lang='lat' dir='ltr'><strong>Neque</strong></span> <span class='ocrx_word' id='word_1_155' title='bbox 3256 2463 3442 2539; x_wconf 88' lang='lat' dir='ltr'><strong>enim</strong></span> <span class='ocrx_word' id='word_1_156' title='bbox 3514 2462 4061 2540; x_wconf 89' lang='lat' dir='ltr'><strong>obliviscendum</strong></span> 
     </span>
     <span class='ocr_line' id='line_1_17' title="bbox 1009 2567 4060 2687; baseline 0.001 -31"><span class='ocrx_word' id='word_1_157' title='bbox 1009 2587 1120 2656; x_wconf 89' lang='lat' dir='ltr'><strong>est</strong></span> <span class='ocrx_word' id='word_1_158' title='bbox 1185 2581 1340 2659; x_wconf 86' lang='lat' dir='ltr'><strong>illos</strong></span> <span class='ocrx_word' id='word_1_159' title='bbox 1362 2641 1384 2673; x_wconf 86' lang='lat'>,</span> <span class='ocrx_word' id='word_1_160' title='bbox 1447 2582 1790 2660; x_wconf 89' lang='lat' dir='ltr'><strong>bonorum</strong></span> <span class='ocrx_word' id='word_1_161' title='bbox 1861 2567 2302 2663; x_wconf 82' lang='lat' dir='ltr'><strong>externorum</strong></span> <span class='ocrx_word' id='word_1_162' title='bbox 2351 2586 2765 2687; x_wconf 89' lang='lat' dir='ltr'><strong>plerumque</strong></span> <span class='ocrx_word' id='word_1_163' title='bbox 2836 2591 3153 2684; x_wconf 83' lang='lat' dir='ltr'><strong>expertes</strong></span> <span class='ocrx_word' id='word_1_164' title='bbox 3175 2642 3196 2674; x_wconf 86' lang='lat'>,</span> <span class='ocrx_word' id='word_1_165' title='bbox 3268 2592 3351 2660; x_wconf 88' lang='lat' dir='ltr'><strong>ut</strong></span> <span class='ocrx_word' id='word_1_166' title='bbox 3416 2584 3797 2685; x_wconf 90' lang='lat' dir='ltr'><strong>plurimum</strong></span> <span class='ocrx_word' id='word_1_167' title='bbox 3864 2582 4021 2682; x_wconf 82' lang='lat' dir='ltr'><strong>cogi</strong></span> <span class='ocrx_word' id='word_1_168' title='bbox 4038 2639 4060 2673; x_wconf 86' lang='lat'>‚</span> 
     </span>
     <span class='ocr_line' id='line_1_18' title="bbox 1007 2700 4060 2804; baseline -0 -28"><span class='ocrx_word' id='word_1_169' title='bbox 1007 2707 1090 2776; x_wconf 90' lang='lat' dir='ltr'><strong>ut</strong></span> <span class='ocrx_word' id='word_1_170' title='bbox 1157 2725 1419 2778; x_wconf 89' lang='lat' dir='ltr'><strong>munus</strong></span> <span class='ocrx_word' id='word_1_171' title='bbox 1483 2703 1770 2804; x_wconf 90' lang='lat' dir='ltr'><strong>aliquod</strong></span> <span class='ocrx_word' id='word_1_172' title='bbox 1796 2704 1893 2779; x_wconf 90' lang='lat' dir='ltr'><strong>·in</strong></span> <span class='ocrx_word' id='word_1_173' title='bbox 1951 2705 2278 2781; x_wconf 88' lang='lat' dir='ltr'><strong>societate</strong></span> <span class='ocrx_word' id='word_1_174' title='bbox 2329 2705 2515 2780; x_wconf 84' lang='lat' dir='ltr'><strong>civili</strong></span> <span class='ocrx_word' id='word_1_175' title='bbox 2573 2710 2941 2804; x_wconf 83' lang='lat' dir='ltr'><strong>exoptent,</strong></span> <span class='ocrx_word' id='word_1_176' title='bbox 2992 2726 3133 2802; x_wconf 90' lang='lat' dir='ltr'><strong>quo</strong></span> <span class='ocrx_word' id='word_1_177' title='bbox 3178 2700 3443 2778; x_wconf 85' lang='lat' dir='ltr'><strong>victum</strong></span> <span class='ocrx_word' id='word_1_178' title='bbox 3499 2701 3635 2779; x_wconf 91' lang='lat' dir='ltr'><strong>sibi</strong></span> <span class='ocrx_word' id='word_1_179' title='bbox 3684 2707 4060 2803; x_wconf 87' lang='lat' dir='ltr'><strong>quaerant,</strong></span> 
     </span>
     <span class='ocr_line' id='line_1_19' title="bbox 1005 2805 4059 2924; baseline 0 -28"><span class='ocrx_word' id='word_1_180' title='bbox 1005 2821 1134 2896; x_wconf 91' lang='lat' dir='ltr'><strong>sed</strong></span> <span class='ocrx_word' id='word_1_181' title='bbox 1204 2822 1406 2898; x_wconf 88' lang='lat' dir='ltr'><strong>cuius</strong></span> <span class='ocrx_word' id='word_1_182' title='bbox 1473 2805 1966 2924; x_wconf 84' lang='lat' dir='ltr'><strong>occupationes</strong></span> <span class='ocrx_word' id='word_1_183' title='bbox 2041 2825 2158 2901; x_wconf 82' lang='lat' dir='ltr'><strong>vix</strong></span> <span class='ocrx_word' id='word_1_184' title='bbox 2237 2824 2480 2900; x_wconf 85' lang='lat' dir='ltr'><strong>sinunt</strong></span> <span class='ocrx_word' id='word_1_185' title='bbox 2546 2823 2689 2898; x_wconf 87' lang='lat' dir='ltr'><strong>ulla</strong></span> <span class='ocrx_word' id='word_1_186' title='bbox 2708 2881 2729 2912; x_wconf 90' lang='lat'><em>,</em></span> <span class='ocrx_word' id='word_1_187' title='bbox 2800 2821 3061 2922; x_wconf 89' lang='lat' dir='ltr'><strong>quibus</strong></span> <span class='ocrx_word' id='word_1_188' title='bbox 3128 2821 3493 2922; x_wconf 88' lang='lat' dir='ltr'><strong>disciplina</strong></span> <span class='ocrx_word' id='word_1_189' title='bbox 3558 2821 4021 2922; x_wconf 87' lang='lat' dir='ltr'><strong>amplificetur</strong></span> <span class='ocrx_word' id='word_1_190' title='bbox 4036 2877 4059 2911; x_wconf 88' lang='lat'>,</span> 
     </span>
     <span class='ocr_line' id='line_1_20' title="bbox 1005 2938 4057 3046; baseline -0 -29"><span class='ocrx_word' id='word_1_191' title='bbox 1005 2938 1229 3017; x_wconf 81' lang='lat' dir='ltr'><strong>facere</strong></span> <span class='ocrx_word' id='word_1_192' title='bbox 1297 2940 1808 3043; x_wconf 85' lang='lat' dir='ltr'><strong>experimenta;</strong></span> <span class='ocrx_word' id='word_1_193' title='bbox 1867 2942 1994 3021; x_wconf 88' lang='lat' dir='ltr'><strong>hos</strong></span> <span class='ocrx_word' id='word_1_194' title='bbox 2045 2968 2206 3022; x_wconf 89' lang='lat' dir='ltr'><strong>vero</strong></span> <span class='ocrx_word' id='word_1_195' title='bbox 2227 3004 2248 3035; x_wconf 88' lang='lat'>‚</span> <span class='ocrx_word' id='word_1_196' title='bbox 2316 2943 2442 3046; x_wconf 87' lang='lat' dir='ltr'><strong>qui</strong></span> <span class='ocrx_word' id='word_1_197' title='bbox 2483 2943 2708 3021; x_wconf 89' lang='lat' dir='ltr'><strong>solent</strong></span> <span class='ocrx_word' id='word_1_198' title='bbox 2746 2941 2889 3019; x_wconf 94' lang='lat' dir='ltr'><strong>otio</strong></span> <span class='ocrx_word' id='word_1_199' title='bbox 2932 2941 3071 3018; x_wconf 88' lang='lat' dir='ltr'><strong>frui</strong></span> <span class='ocrx_word' id='word_1_200' title='bbox 3114 2941 3635 3045; x_wconf 81' lang='lat' dir='ltr'><strong>exoptatissimo</strong></span> <span class='ocrx_word' id='word_1_201' title='bbox 3654 3001 3675 3033; x_wconf 86' lang='lat'>,</span> <span class='ocrx_word' id='word_1_202' title='bbox 3745 2939 3939 3019; x_wconf 86' lang='lat' dir='ltr'><strong>nulla</strong></span> <span class='ocrx_word' id='word_1_203' title='bbox 3982 2962 4057 3016; x_wconf 86' lang='lat' dir='ltr'><strong>re</strong></span> 
     </span>
     <span class='ocr_line' id='line_1_21' title="bbox 1005 3058 3133 3166; baseline 0.003 -31"><span class='ocrx_word' id='word_1_204' title='bbox 1005 3058 1371 3161; x_wconf 89' lang='lat' dir='ltr'><strong>impediri,</strong></span> <span class='ocrx_word' id='word_1_205' title='bbox 1424 3062 1802 3163; x_wconf 89' lang='lat' dir='ltr'><strong>quominus</strong></span> <span class='ocrx_word' id='word_1_206' title='bbox 1857 3089 1932 3141; x_wconf 89' lang='lat' dir='ltr'><strong>se</strong></span> <span class='ocrx_word' id='word_1_207' title='bbox 1985 3071 2168 3143; x_wconf 88' lang='lat' dir='ltr'><strong>totos</strong></span> <span class='ocrx_word' id='word_1_208' title='bbox 2217 3066 2489 3143; x_wconf 88' lang='lat' dir='ltr'><strong>tradere</strong></span> <span class='ocrx_word' id='word_1_209' title='bbox 2533 3064 2804 3166; x_wconf 87' lang='lat' dir='ltr'><strong>possint</strong></span> <span class='ocrx_word' id='word_1_210' title='bbox 2860 3061 3133 3141; x_wconf 86' lang='lat' dir='ltr'><strong>studiis.</strong></span> 
     </span>
    </p>

    <p class='ocr_par' dir='ltr' id='par_1_4' title="bbox 993 3180 4061 4843">
     <span class='ocr_line' id='line_1_22' title="bbox 1107 3180 4056 3288; baseline 0.001 -32"><span class='ocrx_word' id='word_1_211' title='bbox 1107 3180 1228 3256; x_wconf 88' lang='lat' dir='ltr'><strong>Ad</strong></span> <span class='ocrx_word' id='word_1_212' title='bbox 1271 3182 1668 3283; x_wconf 87' lang='lat' dir='ltr'><strong>augendam</strong></span> <span class='ocrx_word' id='word_1_213' title='bbox 1713 3190 1953 3263; x_wconf 85' lang='lat' dir='ltr'><strong>autem</strong></span> <span class='ocrx_word' id='word_1_214' title='bbox 2001 3193 2292 3263; x_wconf 86' lang='lat' dir='ltr'><strong>naturae</strong></span> <span class='ocrx_word' id='word_1_215' title='bbox 2347 3186 2813 3288; x_wconf 82' lang='lat' dir='ltr'><strong>cognitionem</strong></span> <span class='ocrx_word' id='word_1_216' title='bbox 2862 3184 2974 3261; x_wconf 87' lang='lat' dir='ltr'><strong>vix</strong></span> <span class='ocrx_word' id='word_1_217' title='bbox 3016 3182 3157 3259; x_wconf 90' lang='lat' dir='ltr'><strong>dici</strong></span> <span class='ocrx_word' id='word_1_218' title='bbox 3194 3190 3464 3284; x_wconf 88' lang='lat' dir='ltr'><strong>potest,</strong></span> <span class='ocrx_word' id='word_1_219' title='bbox 3508 3188 3854 3283; x_wconf 87' lang='lat' dir='ltr'><strong>quantum</strong></span> <span class='ocrx_word' id='word_1_220' title='bbox 3894 3204 4056 3258; x_wconf 90' lang='lat' dir='ltr'><strong>con-</strong></span> 
     </span>
     <span class='ocr_line' id='line_1_23' title="bbox 1009 3298 4055 3409; baseline 0.002 -36"><span class='ocrx_word' id='word_1_221' title='bbox 1009 3298 1250 3376; x_wconf 87' lang='lat' dir='ltr'><strong>tulerit</strong></span> <span class='ocrx_word' id='word_1_222' title='bbox 1311 3300 1638 3404; x_wconf 81' lang='lat' dir='ltr'><strong>frequens</strong></span> <span class='ocrx_word' id='word_1_223' title='bbox 1691 3303 1812 3383; x_wconf 87' lang='lat' dir='ltr'><strong>illa</strong></span> <span class='ocrx_word' id='word_1_224' title='bbox 1859 3331 2037 3407; x_wconf 86' lang='lat' dir='ltr'><strong>quae</strong></span> <span class='ocrx_word' id='word_1_225' title='bbox 2085 3307 2423 3409; x_wconf 79' lang='lat' dir='ltr'><strong>practicus</strong></span> <span class='ocrx_word' id='word_1_226' title='bbox 2468 3306 2785 3383; x_wconf 75' lang='lat' dir='ltr'><strong>homines</strong></span> <span class='ocrx_word' id='word_1_227' title='bbox 2830 3312 2903 3381; x_wconf 91' lang='lat' dir='ltr'><strong>et</strong></span> <span class='ocrx_word' id='word_1_228' title='bbox 2946 3304 3357 3381; x_wconf 80' lang='lat' dir='ltr'><strong>theoreticus</strong></span> <span class='ocrx_word' id='word_1_229' title='bbox 3404 3311 3640 3381; x_wconf 89' lang='lat' dir='ltr'><strong>nostra</strong></span> <span class='ocrx_word' id='word_1_230' title='bbox 3684 3310 3908 3379; x_wconf 88' lang='lat' dir='ltr'><strong>aetate</strong></span> <span class='ocrx_word' id='word_1_231' title='bbox 3948 3301 4055 3379; x_wconf 90' lang='lat' dir='ltr'><strong>in·</strong></span> 
     </span>
     <span class='ocr_line' id='line_1_24' title="bbox 1009 3419 4056 3529; baseline 0 -34"><span class='ocrx_word' id='word_1_232' title='bbox 1009 3420 1324 3497; x_wconf 83' lang='lat' dir='ltr'><strong>tercessit</strong></span> <span class='ocrx_word' id='word_1_233' title='bbox 1379 3426 1848 3518; x_wconf 81' lang='lat' dir='ltr'><strong>consuetud03</strong></span> <span class='ocrx_word' id='word_1_234' title='bbox 1917 3436 2401 3529; x_wconf 89' lang='lat' dir='ltr'><strong>quantumque</strong></span> <span class='ocrx_word' id='word_1_235' title='bbox 2450 3425 2839 3504; x_wconf 85' lang='lat' dir='ltr'><strong>observatio</strong></span> <span class='ocrx_word' id='word_1_236' title='bbox 2892 3423 2995 3501; x_wconf 88' lang='lat' dir='ltr'><strong>rei</strong></span> <span class='ocrx_word' id='word_1_237' title='bbox 3011 3482 3033 3513; x_wconf 83' lang='lat'><em>,</em></span> <span class='ocrx_word' id='word_1_238' title='bbox 3101 3422 3485 3499; x_wconf 88' lang='lat' dir='ltr'><strong>identidem</strong></span> <span class='ocrx_word' id='word_1_239' title='bbox 3534 3419 3929 3523; x_wconf 86' lang='lat' dir='ltr'><strong>apparentis</strong></span> <span class='ocrx_word' id='word_1_240' title='bbox 3980 3420 4056 3496; x_wconf 91' lang='lat' dir='ltr'><strong>in</strong></span> 
     </span>
     <span class='ocr_line' id='line_1_25' title="bbox 1015 3539 4059 3649; baseline -0 -34"><span class='ocrx_word' id='word_1_241' title='bbox 1015 3541 1412 3639; x_wconf 87' lang='lat' dir='ltr'><strong>operatione</strong></span> <span class='ocrx_word' id='word_1_242' title='bbox 1453 3545 1820 3623; x_wconf 87' lang='lat' dir='ltr'><strong>artificiosa</strong></span> <span class='ocrx_word' id='word_1_243' title='bbox 1837 3606 1859 3637; x_wconf 90' lang='lat'><em>,</em></span> <span class='ocrx_word' id='word_1_244' title='bbox 1919 3546 2362 3649; x_wconf 80' lang='lat' dir='ltr'><strong>physicorum</strong></span> <span class='ocrx_word' id='word_1_245' title='bbox 2414 3549 2651 3625; x_wconf 88' lang='lat' dir='ltr'><strong>oculos</strong></span> <span class='ocrx_word' id='word_1_246' title='bbox 2709 3546 2911 3646; x_wconf 89' lang='lat' dir='ltr'><strong>quasi</strong></span> <span class='ocrx_word' id='word_1_247' title='bbox 2956 3542 3320 3644; x_wconf 87' lang='lat' dir='ltr'><strong>aperuerit.</strong></span> <span class='ocrx_word' id='word_1_248' title='bbox 3415 3544 3653 3623; x_wconf 83' lang='lat' dir='ltr'><strong>Quare</strong></span> <span class='ocrx_word' id='word_1_249' title='bbox 3688 3541 3749 3617; x_wconf 91' lang='lat' dir='ltr'><strong>si</strong></span> <span class='ocrx_word' id='word_1_250' title='bbox 3789 3539 4059 3643; x_wconf 81' lang='lat' dir='ltr'><strong>physici</strong></span> 
     </span>
     <span class='ocr_line' id='line_1_26' title="bbox 1023 3659 4059 3768; baseline -0.001 -31"><span class='ocrx_word' id='word_1_251' title='bbox 1023 3666 1300 3737; x_wconf 85' lang='lat' dir='ltr'><strong>tantum</strong></span> <span class='ocrx_word' id='word_1_252' title='bbox 1344 3664 1798 3763; x_wconf 86' lang='lat' dir='ltr'><strong>profecerint,</strong></span> <span class='ocrx_word' id='word_1_253' title='bbox 1859 3676 1943 3743; x_wconf 85' lang='lat' dir='ltr'><strong>ut</strong></span> <span class='ocrx_word' id='word_1_254' title='bbox 1991 3692 2118 3744; x_wconf 89' lang='lat' dir='ltr'><strong>sua</strong></span> <span class='ocrx_word' id='word_1_255' title='bbox 2164 3693 2457 3768; x_wconf 88' lang='lat' dir='ltr'><strong>persona</strong></span> <span class='ocrx_word' id='word_1_256' title='bbox 2501 3692 2641 3743; x_wconf 90' lang='lat' dir='ltr'><strong>non</strong></span> <span class='ocrx_word' id='word_1_257' title='bbox 2690 3666 3061 3767; x_wconf 90' lang='lat' dir='ltr'><strong>indignum</strong></span> <span class='ocrx_word' id='word_1_258' title='bbox 3108 3662 3561 3739; x_wconf 88' lang='lat' dir='ltr'><strong>iudicaverint</strong></span> <span class='ocrx_word' id='word_1_259' title='bbox 3580 3720 3601 3752; x_wconf 86' lang='lat'>,</span> <span class='ocrx_word' id='word_1_260' title='bbox 3648 3659 4059 3737; x_wconf 87' lang='lat' dir='ltr'><strong>intermissis</strong></span> 
     </span>
     <span class='ocr_line' id='line_1_27' title="bbox 1023 3778 4059 3889; baseline 0 -34"><span class='ocrx_word' id='word_1_261' title='bbox 1023 3779 1610 3880; x_wconf 83' lang='lat' dir='ltr'><strong>explorationibus</strong></span> <span class='ocrx_word' id='word_1_262' title='bbox 1629 3844 1652 3876; x_wconf 91' lang='lat'>,</span> <span class='ocrx_word' id='word_1_263' title='bbox 1705 3786 1780 3862; x_wconf 90' lang='lat' dir='ltr'><strong>in</strong></span> <span class='ocrx_word' id='word_1_264' title='bbox 1831 3812 2070 3863; x_wconf 88' lang='lat' dir='ltr'><strong>eorum</strong></span> <span class='ocrx_word' id='word_1_265' title='bbox 2121 3790 2427 3865; x_wconf 86' lang='lat' dir='ltr'><strong>officinas</strong></span> <span class='ocrx_word' id='word_1_266' title='bbox 2476 3786 2790 3889; x_wconf 86' lang='lat' dir='ltr'><strong>ingredi,</strong></span> <span class='ocrx_word' id='word_1_267' title='bbox 2847 3785 2973 3886; x_wconf 91' lang='lat' dir='ltr'><strong>qui</strong></span> <span class='ocrx_word' id='word_1_268' title='bbox 3028 3790 3315 3860; x_wconf 88' lang='lat' dir='ltr'><strong>naturae</strong></span> <span class='ocrx_word' id='word_1_269' title='bbox 3362 3782 3539 3857; x_wconf 86' lang='lat' dir='ltr'><strong>vires</strong></span> <span class='ocrx_word' id='word_1_270' title='bbox 3580 3781 3917 3858; x_wconf 87' lang='lat' dir='ltr'><strong>adhibent</strong></span> <span class='ocrx_word' id='word_1_271' title='bbox 3965 3778 4059 3855; x_wconf 89' lang='lat' dir='ltr'><strong>ad</strong></span> 
     </span>
     <span class='ocr_line' id='line_1_28' title="bbox 1019 3896 4059 4006; baseline 0 -31"><span class='ocrx_word' id='word_1_272' title='bbox 1019 3896 1498 3981; x_wconf 80' lang='lat' dir='ltr'><strong>fabricandum</strong></span> <span class='ocrx_word' id='word_1_273' title='bbox 1519 3964 1541 3995; x_wconf 92' lang='lat'>‚</span> <span class='ocrx_word' id='word_1_274' title='bbox 1603 3930 1785 4006; x_wconf 85' lang='lat' dir='ltr'><strong>quae</strong></span> <span class='ocrx_word' id='word_1_275' title='bbox 1825 3906 1944 3983; x_wconf 84' lang='lat' dir='ltr'><strong>&#39;ad</strong></span> <span class='ocrx_word' id='word_1_276' title='bbox 2014 3909 2226 3985; x_wconf 86' lang='lat' dir='ltr'><strong>vitam</strong></span> <span class='ocrx_word' id='word_1_277' title='bbox 2277 3907 2661 3985; x_wconf 87' lang='lat' dir='ltr'><strong>necessaria</strong></span> <span class='ocrx_word' id='word_1_278' title='bbox 2718 3912 2923 3994; x_wconf 88' lang='lat' dir='ltr'><strong>sunt,</strong></span> <span class='ocrx_word' id='word_1_279' title='bbox 2992 3912 3259 4005; x_wconf 86' lang='lat' dir='ltr'><strong>quanto</strong></span> <span class='ocrx_word' id='word_1_280' title='bbox 3303 3903 3463 4003; x_wconf 89' lang='lat' dir='ltr'><strong>plus</strong></span> <span class='ocrx_word' id='word_1_281' title='bbox 3524 3928 3641 3979; x_wconf 92' lang='lat' dir='ltr'><strong>eos</strong></span> <span class='ocrx_word' id='word_1_282' title='bbox 3690 3899 4059 4003; x_wconf 82' lang='lat' dir='ltr'><strong>profecisse</strong></span> 
     </span>
     <span class='ocr_line' id='line_1_29' title="bbox 1021 4018 4059 4126; baseline 0 -33"><span class='ocrx_word' id='word_1_283' title='bbox 1021 4042 1386 4097; x_wconf 84' lang='lat' dir='ltr'><strong>censemus</strong></span> <span class='ocrx_word' id='word_1_284' title='bbox 1405 4081 1426 4112; x_wconf 90' lang='lat'>,</span> <span class='ocrx_word' id='word_1_285' title='bbox 1469 4025 1594 4124; x_wconf 90' lang='lat' dir='ltr'><strong>qui</strong></span> <span class='ocrx_word' id='word_1_286' title='bbox 1643 4026 1866 4126; x_wconf 87' lang='lat' dir='ltr'><strong>ipsam</strong></span> <span class='ocrx_word' id='word_1_287' title='bbox 1917 4036 2236 4104; x_wconf 85' lang='lat' dir='ltr'><strong>naturam</strong></span> <span class='ocrx_word' id='word_1_288' title='bbox 2281 4025 2633 4103; x_wconf 76' lang='lat' dir='ltr'><strong>adierint?</strong></span> <span class='ocrx_word' id='word_1_289' title='bbox 2711 4024 2799 4097; x_wconf 86' lang='lat' dir='ltr'><strong>In</strong></span> <span class='ocrx_word' id='word_1_290' title='bbox 2837 4021 3049 4097; x_wconf 88' lang='lat' dir='ltr'><strong>huius</strong></span> <span class='ocrx_word' id='word_1_291' title='bbox 3098 4021 3283 4097; x_wconf 87' lang='lat' dir='ltr'><strong>enim</strong></span> <span class='ocrx_word' id='word_1_292' title='bbox 3326 4022 3598 4098; x_wconf 85' lang='lat' dir='ltr'><strong>theatro</strong></span> <span class='ocrx_word' id='word_1_293' title='bbox 3644 4044 3787 4095; x_wconf 90' lang='lat' dir='ltr'><strong>non</strong></span> <span class='ocrx_word' id='word_1_294' title='bbox 3832 4018 4059 4094; x_wconf 86' lang='lat' dir='ltr'><strong>solum</strong></span> 
     </span>
     <span class='ocr_line' id='line_1_30' title="bbox 1021 4138 4058 4253; baseline 0 -39"><span class='ocrx_word' id='word_1_295' title='bbox 1021 4139 1283 4216; x_wconf 88' lang='lat' dir='ltr'><strong>maiora</strong></span> <span class='ocrx_word' id='word_1_296' title='bbox 1324 4141 1487 4217; x_wconf 85' lang='lat' dir='ltr'><strong>licet</strong></span> <span class='ocrx_word' id='word_1_297' title='bbox 1528 4144 1888 4222; x_wconf 86' lang='lat' dir='ltr'><strong>observare</strong></span> <span class='ocrx_word' id='word_1_298' title='bbox 1941 4172 2154 4247; x_wconf 85' lang='lat' dir='ltr'><strong>quam</strong></span> <span class='ocrx_word' id='word_1_299' title='bbox 2194 4148 2272 4253; x_wconf 76' lang='lat' dir='ltr'><strong>in</strong></span> <span class='ocrx_word' id='word_1_300' title='bbox 2321 4146 2577 4222; x_wconf 87' lang='lat' dir='ltr'><strong>nostris</strong></span> <span class='ocrx_word' id='word_1_301' title='bbox 2620 4142 3048 4220; x_wconf 88' lang='lat' dir='ltr'><strong>laboratoriis</strong></span> <span class='ocrx_word' id='word_1_302' title='bbox 3064 4200 3085 4231; x_wconf 89' lang='lat'>,</span> <span class='ocrx_word' id='word_1_303' title='bbox 3140 4142 3263 4217; x_wconf 88' lang='lat' dir='ltr'><strong>sed</strong></span> <span class='ocrx_word' id='word_1_304' title='bbox 3306 4142 3517 4217; x_wconf 90' lang='lat' dir='ltr'><strong>etiam</strong></span> <span class='ocrx_word' id='word_1_305' title='bbox 3566 4141 3771 4240; x_wconf 85' lang='lat' dir='ltr'><strong>longe</strong></span> <span class='ocrx_word' id='word_1_306' title='bbox 3817 4138 4019 4239; x_wconf 89' lang='lat' dir='ltr'><strong>plura</strong></span> <span class='ocrx_word' id='word_1_307' title='bbox 4035 4194 4058 4228; x_wconf 83' lang='lat'><em>,</em></span> 
     </span>
     <span class='ocr_line' id='line_1_31' title="bbox 1025 4260 4059 4367; baseline -0 -34"><span class='ocrx_word' id='word_1_308' title='bbox 1025 4282 1206 4359; x_wconf 88' lang='lat' dir='ltr'><strong>quae</strong></span> <span class='ocrx_word' id='word_1_309' title='bbox 1265 4260 1340 4337; x_wconf 94' lang='lat' dir='ltr'><strong>in</strong></span> <span class='ocrx_word' id='word_1_310' title='bbox 1405 4260 1493 4338; x_wconf 81' lang='lat' dir='ltr'><strong>iis</strong></span> <span class='ocrx_word' id='word_1_311' title='bbox 1549 4271 1672 4339; x_wconf 89' lang='lat' dir='ltr'><strong>aut</strong></span> <span class='ocrx_word' id='word_1_312' title='bbox 1719 4266 2256 4367; x_wconf 83' lang='lat' dir='ltr'><strong>negligebantur</strong></span> <span class='ocrx_word' id='word_1_313' title='bbox 2299 4274 2425 4343; x_wconf 90' lang='lat' dir='ltr'><strong>aut</strong></span> <span class='ocrx_word' id='word_1_314' title='bbox 2472 4266 2753 4342; x_wconf 87' lang='lat' dir='ltr'><strong>omnino</strong></span> <span class='ocrx_word' id='word_1_315' title='bbox 2796 4288 2935 4340; x_wconf 90' lang='lat' dir='ltr'><strong>non</strong></span> <span class='ocrx_word' id='word_1_316' title='bbox 2986 4260 3453 4363; x_wconf 87' lang='lat' dir='ltr'><strong>apparebant,</strong></span> <span class='ocrx_word' id='word_1_317' title='bbox 3504 4261 3773 4337; x_wconf 89' lang='lat' dir='ltr'><strong>aditum</strong></span> <span class='ocrx_word' id='word_1_318' title='bbox 3821 4266 4059 4334; x_wconf 88' lang='lat' dir='ltr'><strong>tamen</strong></span> 
     </span>
     <span class='ocr_line' id='line_1_32' title="bbox 1023 4378 4057 4483; baseline 0 -30"><span class='ocrx_word' id='word_1_319' title='bbox 1023 4378 1285 4478; x_wconf 88' lang='lat' dir='ltr'><strong>aperire</strong></span> <span class='ocrx_word' id='word_1_320' title='bbox 1331 4389 1658 4481; x_wconf 88' lang='lat' dir='ltr'><strong>poterunt</strong></span> <span class='ocrx_word' id='word_1_321' title='bbox 1697 4384 1790 4461; x_wconf 93' lang='lat' dir='ltr'><strong>ad</strong></span> <span class='ocrx_word' id='word_1_322' title='bbox 1829 4385 2287 4462; x_wconf 86' lang='lat' dir='ltr'><strong>maximarum</strong></span> <span class='ocrx_word' id='word_1_323' title='bbox 2331 4410 2563 4461; x_wconf 87' lang='lat' dir='ltr'><strong>rerum</strong></span> <span class='ocrx_word' id='word_1_324' title='bbox 2605 4385 3095 4460; x_wconf 90' lang='lat' dir='ltr'><strong>inventionem.</strong></span> <span class='ocrx_word' id='word_1_325' title='bbox 3161 4382 3444 4483; x_wconf 82' lang='lat' dir='ltr'><strong>Spectat</strong></span> <span class='ocrx_word' id='word_1_326' title='bbox 3485 4380 3615 4456; x_wconf 90' lang='lat' dir='ltr'><strong>hoc</strong></span> <span class='ocrx_word' id='word_1_327' title='bbox 3655 4378 4057 4480; x_wconf 89' lang='lat' dir='ltr'><strong>praesertim</strong></span> 
     </span>
     <span class='ocr_line' id='line_1_33' title="bbox 1021 4496 4059 4606; baseline 0.001 -33"><span class='ocrx_word' id='word_1_328' title='bbox 1021 4496 1116 4573; x_wconf 91' lang='lat' dir='ltr'><strong>ad</strong></span> <span class='ocrx_word' id='word_1_329' title='bbox 1161 4497 1670 4582; x_wconf 86' lang='lat' dir='ltr'><strong>observationes</strong></span> <span class='ocrx_word' id='word_1_330' title='bbox 1683 4564 1704 4595; x_wconf 88' lang='lat'>‚</span> <span class='ocrx_word' id='word_1_331' title='bbox 1750 4530 1931 4606; x_wconf 87' lang='lat' dir='ltr'><strong>quae</strong></span> <span class='ocrx_word' id='word_1_332' title='bbox 1981 4507 2202 4583; x_wconf 85' lang='lat' dir='ltr'><strong>factae</strong></span> <span class='ocrx_word' id='word_1_333' title='bbox 2247 4513 2413 4582; x_wconf 89' lang='lat' dir='ltr'><strong>sunt</strong></span> <span class='ocrx_word' id='word_1_334' title='bbox 2455 4506 2529 4580; x_wconf 91' lang='lat' dir='ltr'><strong>in</strong></span> <span class='ocrx_word' id='word_1_335' title='bbox 2582 4503 2836 4581; x_wconf 85' lang='lat' dir='ltr'><strong>studiis</strong></span> <span class='ocrx_word' id='word_1_336' title='bbox 2876 4502 3413 4603; x_wconf 88' lang='lat' dir='ltr'><strong>Meteorologiae</strong></span> <span class='ocrx_word' id='word_1_337' title='bbox 3454 4509 3526 4579; x_wconf 85' lang='lat' dir='ltr'><strong>et</strong></span> <span class='ocrx_word' id='word_1_338' title='bbox 3577 4498 4059 4601; x_wconf 85' lang='lat' dir='ltr'><strong>Geographiae</strong></span> 
     </span>
     <span class='ocr_line' id='line_1_34' title="bbox 993 4607 4061 4727; baseline 0.001 -37"><span class='ocrx_word' id='word_1_339' title='bbox 993 4607 1373 4717; x_wconf 76' lang='lat' dir='ltr'><strong>physicae.</strong></span> <span class='ocrx_word' id='word_1_340' title='bbox 1418 4622 1867 4726; x_wconf 86' lang='lat' dir='ltr'><strong>Quantopere</strong></span> <span class='ocrx_word' id='word_1_341' title='bbox 1911 4627 2098 4703; x_wconf 88' lang='lat' dir='ltr'><strong>enim</strong></span> <span class='ocrx_word' id='word_1_342' title='bbox 2141 4625 2605 4727; x_wconf 88' lang='lat' dir='ltr'><strong>cognitionem</strong></span> <span class='ocrx_word' id='word_1_343' title='bbox 2660 4648 2855 4701; x_wconf 86' lang='lat' dir='ltr'><strong>suam</strong></span> <span class='ocrx_word' id='word_1_344' title='bbox 2895 4622 3315 4724; x_wconf 86' lang='lat' dir='ltr'><strong>amplificare</strong></span> <span class='ocrx_word' id='word_1_345' title='bbox 3344 4621 3548 4697; x_wconf 87' lang='lat' dir='ltr'><strong>liceat</strong></span> <span class='ocrx_word' id='word_1_346' title='bbox 3574 4620 3859 4722; x_wconf 82' lang='lat' dir='ltr'><strong>physico</strong></span> <span class='ocrx_word' id='word_1_347' title='bbox 3880 4677 3901 4708; x_wconf 90' lang='lat'>‚</span> <span class='ocrx_word' id='word_1_348' title='bbox 3944 4615 4061 4693; x_wconf 89' lang='lat' dir='ltr'><strong>cui</strong></span> 
     </span>
     <span class='ocr_line' id='line_1_35' title="bbox 1024 4736 4057 4843; baseline -0.001 -30"><span class='ocrx_word' id='word_1_349' title='bbox 1024 4737 1398 4836; x_wconf 88' lang='lat' dir='ltr'><strong>quotannis</strong></span> <span class='ocrx_word' id='word_1_350' title='bbox 1413 4798 1436 4832; x_wconf 87' lang='lat'>,</span> <span class='ocrx_word' id='word_1_351' title='bbox 1484 4743 1658 4820; x_wconf 88' lang='lat' dir='ltr'><strong>urbe</strong></span> <span class='ocrx_word' id='word_1_352' title='bbox 1701 4745 1938 4823; x_wconf 88' lang='lat' dir='ltr'><strong>relicta</strong></span> <span class='ocrx_word' id='word_1_353' title='bbox 1955 4805 1976 4838; x_wconf 92' lang='lat'><em>‚</em></span> <span class='ocrx_word' id='word_1_354' title='bbox 2022 4752 2309 4822; x_wconf 86' lang='lat' dir='ltr'><strong>naturae</strong></span> <span class='ocrx_word' id='word_1_355' title='bbox 2353 4745 2701 4821; x_wconf 85' lang='lat' dir='ltr'><strong>theatrum</strong></span> <span class='ocrx_word' id='word_1_356' title='bbox 2742 4741 3013 4843; x_wconf 88' lang='lat' dir='ltr'><strong>ingredi</strong></span> <span class='ocrx_word' id='word_1_357' title='bbox 3059 4742 3290 4832; x_wconf 85' lang='lat' dir='ltr'><strong>liceat,</strong></span> <span class='ocrx_word' id='word_1_358' title='bbox 3332 4741 3619 4841; x_wconf 86' lang='lat' dir='ltr'><strong>eiusque</strong></span> <span class='ocrx_word' id='word_1_359' title='bbox 3657 4736 4057 4839; x_wconf 89' lang='lat' dir='ltr'><strong>amplitudi-</strong></span> 
     </span>
    </p>
   </div>
  </div>
 </body>
</html>
