4728 5991
1090 595 1177 659 82
2041 594 2430 662 SERIES
2498 596 3156 666 LECTIONUM.

1281 800 1774 874 Oeconomiam
1822 802 2118 879 ruralem
2171 803 2436 891 tradet,
2488 803 2737 879 diebus
2785 806 3036 881 Martis
3083 815 3157 879 et
3203 806 3378 879 Iovis
3399 863 3420 894 ,
3489 865 3504 880 .
3563 864 3578 881 .
3635 864 3651 881 .
3709 866 3724 883 .
3774 808 3941 882 hora
3965 807 4119 881 ΧΠ.

1282 919 1775 1019 Experimenta
1838 922 2253 999 instituendi
2316 931 2538 998 artem
2597 922 2873 1000 docebit
2923 934 2994 1000 et
3049 925 3392 1001 Exercitia
3435 926 3736 1025 practica

1296 1120 1299 1123 Α
1380 1039 1453 1113 in
1502 1041 1948 1116 Laboratorio
1997 1042 2469 1118 moderabitur
2518 1044 2850 1141 quotidie.

1283 1160 1469 1234 Cum
1536 1161 1881 1236 Studiosis
1941 1162 2481 1261 provectioribus
2546 1163 2635 1237 de
2683 1162 3124 1262 Physiologia
3169 1165 3482 1263 chymica
3525 1166 3727 1241 collo-

1378 1290 1668 1378 quetur,
1718 1282 1831 1356 die
1879 1281 2169 1357 Veneris
2189 1341 2209 1370 ,
2260 1282 2428 1357 hora
2478 1283 2864 1381 vespertina
2885 1342 2905 1371 ,
2974 1341 3722 1360 ...........
3768 1284 4116 1360 v-Vm,

1083 1412 1156 1471 G.
1198 1412 1246 1471 1.
1288 1412 1616 1473 VEBDAM
1656 1400 2021 1475 Elementa
2058 1401 2494 1476 Geometriae
2538 1402 2784 1501 planae
2827 1412 2898 1477 et
2937 1402 3555 1503 Trigonometriam
3583 1405 3728 1505 pla·

1178 1544 1339 1595 nam
1390 1521 1655 1609 tradet,
1708 1520 1822 1595 die
1869 1522 2046 1596 Iovis
2101 1531 2172 1594 et
2229 1522 2512 1595 Saturni
2536 1579 3725 1609 .................
4031 1524 4120 1597 X.

1471 1648 1544 1713 et
1593 1640 1706 1713 die
1753 1639 2043 1714 Veneris
2063 1697 2083 1727 ,
2162 1696 3713 1717 ......................
3803 1640 3906 1714 IX
3928 1650 4002 1714 et
4025 1640 4114 1715 X.

1278 1760 1833 1835 stereometriam
1876 1768 1948 1835 et
1990 1760 2607 1858 'I'rigonometriam
2653 1758 3074 1861 sphaericam
3110 1760 3387 1837 docebit
3406 1820 3426 1849 ,
3475 1760 3724 1836 diebus

1374 1880 1625 1953 Martis
1674 1888 1746 1954 et
1793 1879 2003 1967 Iovis,
2072 1938 2087 1954 .
2156 1936 3707 1956 ......................
3943 1880 4119 1953 V111.

1276 2000 1743 2073 Geometriam
1818 1999 2233 2097 analyticam
2296 2008 2370 2073 et
2433 1999 2901 2074 Geometriam
2919 2057 2940 2087 ‚
2991 2000 3461 2076 sublimiorem
3512 2024 3723 2098 quam

1378 2127 1663 2205 vocant,
1717 2119 1981 2207 tradet,
2034 2118 2286 2194 diebus
2334 2127 2406 2192 et
2445 2118 2630 2193 horis
2664 2120 2918 2194 deinde
2941 2120 3479 2207 constituendis;
3524 2121 3722 2194 item·

1375 2261 1513 2337 que
1578 2238 1843 2313 Calculi
1902 2238 2261 2338 Integralis
2309 2248 2578 2339 partem
2619 2242 3039 2341 superiorem
3082 2238 3406 2317 tractabit
3451 2250 3522 2315 et
3573 2240 3722 2313 Me-

1372 2360 1698 2436 chanicae
1764 2356 2145 2458 analyticae
2206 2358 2398 2434 illam
2469 2367 2735 2459 partem
2762 2418 2782 2449 ,
2848 2384 3027 2459 quae
3077 2368 3316 2435 motus
3370 2360 3724 2435 scientiam

1372 2480 1873 2581 complectitur.

1278 2600 1559 2677 Scholas
1607 2598 2110 2700 paedagogicas
2158 2597 2448 2672 habebit
2467 2655 2488 2685 ‚
2539 2598 2654 2672 die
2699 2596 2942 2672 Lunae
2966 2655 2987 2686 ,
3037 2598 3202 2671 hora
3251 2597 3634 2671 commoda.

1078 2735 1142 2793 F.
1186 2730 1476 2795 KAISEB.
1515 2718 2031 2795 Astronomiam
2084 2716 2527 2791 theoreticam
2576 2716 2841 2804 tradet,
2903 2716 3152 2791 diebus
3200 2716 3444 2791 Lunae
3463 2774 3483 2804 ,
3533 2716 3722 2789 Mar·

1174 2842 1304 2930 tis,
1356 2837 1691 2913 Mercurii
1737 2846 1810 2911 et
1858 2835 2075 2923 Iovis,
2149 2890 2167 2911 .
2238 2888 3717 2914 .....................
3993 2832 4118 2907 ΙΧ.

1272 2956 1789 3036 Astronomiam
1834 2954 2202 3055 practicam
2230 3015 2251 3045 ‚
2302 2954 2552 3032 iisdem
2610 2955 2863 3032 diebus
2881 3015 2902 3046 ,
2982 3015 3721 3036 ...........
4025 2953 4116 3030 X.

1276 3077 1793 3156 Astronomiam
1809 3134 1830 3165 ,
1881 3098 2095 3173 quam
2136 3075 2538 3174 popularem
2567 3083 2813 3153 vocant
2833 3133 2855 3166 ,
2899 3077 3164 3167 tradet,
3207 3075 3457 3151 diebus
3480 3075 3722 3150 Lunae

1370 3207 1444 3274 et
1486 3196 1666 3272 Iovis
1686 3254 1706 3285 ,
1756 3195 1925 3271 hora
1975 3193 2363 3294 vespertina
2434 3252 2451 3270 .
2534 3251 3717 3274 .................
4031 3193 4115 3269 V.

1277 3320 1473 3395 Artis
1519 3316 1926 3392 observandi
1977 3314 2317 3390 exercitiis
2367 3315 2680 3414 quotidie
2727 3317 3041 3415 praeerit.

1275 3437 1803 3513 Arithmeticam
1880 3435 2329 3510 universalem
2350 3493 2372 3524 ,
2441 3436 2584 3511 sive
2649 3435 3026 3538 Algebram
3048 3493 3069 3524 ,
3139 3434 3406 3523 tradet,
3475 3433 3725 3510 diebus

1266 3587 1273 3594 ·
1376 3556 1708 3633 Mercurii
1767 3563 1839 3631 et
1905 3555 2193 3630 Veneris
2246 3605 3719 3631 .....................
3939 3553 4120 3626 Vlll.

1475 3675 2407 3763 etdielovis,......·
2462 3727 3714 3752 ..................
3990 3671 4112 3746 IX.

1082 3811 1167 3871 w.
1210 3811 1274 3871 F.
1316 3811 1384 3870 B.
1427 3807 1835 3869 SURlNGAB
1903 3794 2458 3893 Morphologiatn
2475 3851 2496 3882 ,
2575 3793 2992 3868 anatomiam
3075 3801 3145 3868 et
3220 3791 3719 3892 physiologiam

1179 3917 1571 4016 plantarum
1617 3920 1951 4013 exponet,
2002 3911 2253 3987 diebus
2300 3910 2634 3986 Mercurii
2655 3967 2675 3997 ,
2728 3910 2903 3984 Iovis
2949 3918 3023 3985 et
3066 3911 3397 4003 Veneris,
3479 3971 3495 3987 .
3550 3969 3567 3989 .
3621 3971 3638 3986 .
3699 3971 3714 3985 .
4063 3914 4110 3985 1.

1275 4033 1857 4134 Phytographiam
1926 4041 1997 4108 et
2068 4031 2537 4106 taxonomiam
2609 4027 3001 4129 plantarum
3082 4032 3397 4126 docebit,
3465 4031 3714 4106 diebus

1368 4155 1610 4232 Lunae
1677 4163 1748 4229 et
1818 4153 2069 4229 Martis
2088 4203 3706 4241 .......................
3842 4154 3868 4226 1
3915 4161 3986 4225 et
4033 4155 4110 4225 11.

1471 4285 1811 4374 (tempore
1864 4281 2099 4347 autem
2150 4270 2442 4345 hiberno
2487 4277 2759 4344 tantum
2812 4269 2979 4345 hora
3024 4271 3106 4364 1).

1270 4396 1635 4471 Exercitiis
1706 4392 2024 4494 practicis
2097 4391 2171 4464 in
2246 4395 2592 4464 structura
2647 4388 3037 4487 plantarum
3107 4413 3238 4490 ope
3287 4391 3714 4489 microscopii

1367 4516 1786 4617 exploranda
1858 4511 2152 4613 praeerit
2228 4519 2538 4608 tempore
2623 4507 2914 4584 hiberno
2931 4567 2952 4598 ,
3034 4509 3284 4585 diebus
3344 4510 3586 4585 Lunae
3641 4519 3714 4583 et

1364 4635 1615 4710 Martis
1636 4691 1654 4720 ‚
1726 4681 3708 4708 ............................
3833 4629 4106 4701 11-1v,

1275 4751 1819 4828 Excursionibus
1866 4747 2201 4824 botanicis
2242 4746 2540 4848 praeerit
2579 4755 2887 4844 tempore
2925 4747 3214 4836 aestivo,
3256 4749 3369 4823 die
3405 4749 3708 4824 Saturni.
