4728 5991
1096 623 1185 686 84
2054 620 2440 686 SERIES
2508 618 3168 688 LECTIONUM.

1286 830 1607 927 Exponet
1668 830 1754 903 de
1811 827 2123 903 fontibus
2190 830 2512 905 historiae
2581 831 2730 905 aevi
2781 830 3032 918 medii,
3082 829 3330 903 diebus
3379 829 3618 904 Lunae
3664 838 3735 903 et

1376 949 1709 1023 Mercurii
1726 1006 1747 1036 ‚
1808 1005 3726 1026 ...........................
3794 947 3962 1022 hora
4012 949 4119 1020 111.

1280 1066 1547 1141 Literas
1608 1064 1981 1155 Arabicae,
2048 1066 2458 1142 chaldaicas
2510 1078 2582 1142 et
2628 1068 2942 1165 Syriacas
2989 1068 3297 1155 docebit,
3351 1068 3462 1141 die
3516 1068 3692 1141 Iovis
3713 1127 3732 1155 ,
3839 1068 3860 1138 Ι
3907 1076 3980 1140 et
4023 1068 4120 1152 11,

1352 1206 1375 1221 ⁸
1476 1191 1547 1257 et
1592 1184 1711 1275 die=
1754 1179 2081 1271 Veneris,
2174 1242 2556 1261 ......
2605 1272 2614 1278 ,
2611 1239 3724 1261 ................
4038 1187 4120 1259 11.

1276 1303 1835 1379 Kosnoaarnnn
1906 1305 2506 1379 Chrestomatkiam
2565 1307 2927 1380 Arabicam
2973 1306 3405 1405 interpretari
3446 1315 3686 1405 perget
3706 1364 3726 1393 ,

1372 1425 1618 1499 diebus
1666 1426 1909 1498 Lunae
1962 1432 2035 1497 et
2084 1426 2376 1512 Martis,
2454 1484 2470 1499 .
2552 1482 3724 1502 .................
4071 1426 4116 1497 1.

1078 1554 1159 1614 M.
1202 1556 1305 1615 DE
1348 1556 1580 1615 VRIES
1621 1545 1971 1643 Linguam
2034 1545 2441 1643 Literasque
2499 1545 2756 1643 patrias
2820 1546 3227 1645 explicabit,
3279 1545 3526 1620 diebus
3581 1545 3722 1618 Lu·
3838 1640 3844 1646 ἱ

1178 1687 1345 1749 nae,
1397 1665 1647 1737 Martis
1690 1674 1761 1739 et
1812 1663 2183 1752 Mercurii,
2248 1722 3720 1741 .....................
4035 1666 4112 1735 ΙΙ.

1271 1782 1620 1881 Linguam
1685 1784 2091 1882 Literasque
2158 1784 2414 1882 patrias
2483 1783 2696 1858 medii
2767 1784 2916 1858 aevi
2991 1783 3396 1883 explicabit.
3470 1783 3718 1858 diebus

1368 1903 1618 1975 Martis
1660 1911 1731 1976 et
1771 1903 1947 1977 Iovis
1964 1959 3721 1989 .........................
4003 1906 4112 1977 111.

1272 2021 1619 2119 Linguam
1648 2022 2053 2120 Literasque
2077 2022 2335 2121 patrias
2359 2022 2616 2097 saeculi
2645 2022 2842 2095 XV11
2867 2022 3273 2123 explicabit,
3293 2023 3409 2097 die
3437 2023 3722 2111 Martis,
4066 2027 4112 2096 1.

1270 2140 1377 2213 De
1446 2140 1686 2239 lingua
1744 2141 1967 2240 patria
2034 2166 2207 2241 pure
2274 2150 2345 2215 et
2412 2142 2761 2240 eleganter
2808 2140 3168 2216 scribenda
3218 2151 3418 2241 aget,
3467 2142 3723 2217 additis

1364 2260 1703 2333 exercitiis
1751 2260 2069 2359 practicis
2089 2318 2109 2348 ,
2160 2260 2410 2335 diebus
2445 2261 2622 2335 lovis
2667 2270 2738 2335 et
2784 2261 3114 2351 Veneria,
3173 2274 3180 2280 '
3195 2319 3648 2336 .......
3672 2254 3682 2262 ’
3705 2320 3721 2334 .
4035 2264 4110 2335 11.

1268 2378 1677 2454 Carminum
1746 2379 1960 2454 medii
2014 2380 2165 2454 aevi
2220 2381 2862 2480 interpretationem
2904 2381 3212 2455 criticam
3268 2381 3720 2480 provectiores

1360 2499 1671 2588 docebit,
1722 2499 1837 2573 die
1896 2500 2145 2574 Martis
2169 2555 3714 2588 ......................
3727 2522 3742 2537 ·
3849 2556 3860 2562 .
3930 2498 4108 2572 vm.

1264 2619 1616 2717 Linguam
1656 2618 2023 2693 Gothicam
2066 2620 2333 2706 tradet,
2385 2619 2500 2694 die
2549 2619 2732 2694 Iovis
2747 2670 3718 2708 ..............
4057 2620 4110 2690 1.

1456 2747 1528 2812 et
1575 2737 1867 2812 Veneris
1886 2788 3715 2825 ..........................
3999 2738 4106 2809 111.

1262 2858 1611 2956 Linguam
1639 2855 2315 2955 Anglo-Saxonicam
2355 2864 2429 2930 et
2459 2856 2780 2933 Veterem
2819 2858 3147 2933 Frisicam
3171 2857 3439 2945 tradet,
3471 2855 3720 2929 diebus

1357 2985 1431 3051 et
1474 2976 1658 3050 horis
1701 2975 2137 3052 auditoribus
2185 2976 2590 3053 commodis.

1262 3098 1369 3171 De
1424 3095 1629 3171 variis
1677 3097 2141 3195 argumentis,
2190 3097 2281 3171 ad
2325 3097 2639 3196 linguam
2680 3097 3050 3197 literasque
3083 3097 3340 3198 patrias
3365 3095 3713 3196 pertinen-

1354 3215 1581 3303 tibus,
1629 3215 1949 3314 privatim
1998 3223 2197 3315 aget,
2249 3216 2364 3290 die
2409 3217 2696 3307 Martia,
2793 3268 3711 3294 .............
3729 3212 4104 3287 Vl-Vffl.

1068 3349 1139 3404 R.
1183 3346 1337 3405 ΕΒΗ
1340 3347 1430 3406 ΙΝ
1468 3333 1853 3409 Historiam
1874 3333 2145 3410 Patriae
2170 3335 2396 3410 tradet
2411 3392 2431 3423 ,
2452 3335 2701 3411 diebus
2721 3336 3050 3412 Mercurii
3065 3394 3086 3425 ,
3108 3335 3282 3410 Iovis
3301 3342 3372 3408 et
3384 3333 3707 3421 Veneris,
4053 3333 4102 3404 1.

1264 3453 1650 3528 Historiam
1688 3454 2051 3558 Politicam
2095 3455 2370 3530 Patriae
2390 3513 2412 3546 ,
2458 3456 2624 3530 inde
2653 3482 2696 3532 a
2727 3456 2973 3532 Carolo
3001 3459 3077 3546 V,
3108 3453 3426 3541 docebit,
3465 3452 3712 3526 diebus

1364 3572 1606 3648 Lunae
1654 3580 1725 3648 et
1772 3574 2023 3649 Martis
2037 3632 2688 3664 ..........
2735 3668 2738 3679 Ι
2744 3629 3708 3652 ..............
4050 3574 4100 3643 Ι.

1260 3812 1687 3912 Disputandi
1711 3814 2032 3889 exercitia
2061 3812 2341 3913 publica
2370 3813 2843 3889 moderabitur
2871 3838 2936 3889 o.
2970 3837 3039 3889 a.
3069 3833 3298 3886 coam·
3315 3867 3336 3898 ,
3363 3809 3477 3884 die
3499 3810 3710 3896 lovis,
3979 3809 4102 3882 XI.

1254 3933 1615 4008 Lectiones
1690 3941 1923 4008 autem
2002 3933 2091 4008 de
2167 3933 2422 4008 Litoris
2490 3932 2761 4009 Latinis
2837 3941 2910 4006 et
2984 3932 3073 4007 de
3144 3928 3708 4026 Antiquitatibus

1352 4054 1633 4127 Graecis
1680 4061 1919 4152 postea
1970 4053 2485 4128 indicabuntur.

2100 4247 2598 4323 FACULTAS
2651 4246 3051 4332 MEDICA.

1055 4419 1126 4477 G.
1171 4421 1237 4478 c.
1280 4417 1349 4476 Β.
1390 4419 1799 4478 SUBINGAB
1838 4407 2250 4505 'Pherapiam
2316 4407 2709 4506 generalem
2772 4407 3081 4495 docebit,
3144 4407 3394 4482 diebus
3453 4407 3703 4481 Martis

1154 4533 1226 4598 et
1274 4523 1449 4597 Iovis
1466 4583 1487 4612 ,
1554 4577 3700 4604 ..............................
3937 4527 4036 4599 X!
4045 4531 4090 4601 Ι.

1256 4644 1887 4744 Pharmacognosin
1938 4653 2009 4720 et
2062 4645 2452 4720 naturalem
2501 4644 2958 4720 remediorum
3013 4645 3366 4720 historiam
3383 4703 3403 4733 ,
3455 4646 3702 4721 diebus

1352 4763 1634 4853 Lunae,
1686 4764 2017 4840 Mercurii
2059 4775 2130 4838 et
2176 4763 2506 4852 Veneris,
2575 4823 2592 4839 .
2658 4821 3691 4841 ...............
3937 4765 4088 4838 Xn.
