4728 5991
960 571 1046 640 28
1847 578 2452 646 P.L13Y1KE
2565 576 3127 643 (JR13T1‹2

958 789 1215 859 tarunt.
1338 783 1425 855 In
1490 783 1747 881 quibus
1817 782 1979 857 viris
2045 804 2262 881 quum
2335 782 2713 857 viderimus
2780 782 3039 858 incolas
3105 784 3606 859 remotissimae
3663 784 3849 859 illius
3903 785 4007 859 in·

957 902 1150 977 sulae
1198 901 1423 978 multo
1472 902 1697 1000 magis
1741 926 1952 1001 quam
2010 902 2216 1000 vulgo
2260 900 2672 977 credebatur
2714 926 3126 1001 cognoscere
3176 928 3581 1004 progressus
3601 963 3620 992 ,
3675 929 3851 1004 quos
3900 930 4005 981 ar-

953 1020 1136 1095 tium
1207 1020 1869 1120 disciplinarumque
1949 1021 2257 1095 studium
2335 1021 2647 1119 proxime
2712 1021 2913 1110 fecit,
2985 1047 3125 1097 non
3197 1024 3427 1122 potuit
3496 1047 3635 1098 non
3704 1025 4006 1102 maximo

951 1140 1154 1215 nobis
1197 1165 1346 1217 esse
1391 1140 1652 1241 gaudio
1673 1199 1693 1229 ,
1739 1139 1864 1215 ubi
1915 1138 2375 1215 audiebamus
2425 1139 2788 1238 Iaponiam
2843 1164 2997 1215 eam
3038 1139 3503 1241 cognitionem
3572 1141 3769 1217 unice
3828 1143 4003 1218 Hol-

951 1257 1225 1334 landiae
1303 1266 1652 1357 acceptam
1721 1258 1970 1333 referre
1989 1316 2010 1347 ,
2086 1267 2324 1358 utpote
2392 1284 2479 1331 ex
2552 1259 2969 1334 nostratium
3032 1260 3303 1360 scriptis
3356 1261 3668 1358 petitam.
3788 1263 4001 1341 Quod

956 1379 1305 1453 vinculum
1348 1386 1426 1453 ut
1466 1378 1539 1451 in
1585 1385 1938 1477 posterum
1985 1378 2264 1477 utrique
2302 1403 2518 1477 regno
2560 1404 2773 1477 quam
2812 1379 3113 1454 maxime
3147 1380 3401 1479 prosit,
3454 1388 3597 1454 tam
3644 1380 3734 1454 ad
3771 1383 3999 1457 erudi·

949 1498 1208 1572 tionem
1253 1496 1648 1597 augendam
1697 1523 1909 1597 quam
1969 1497 2060 1573 ad
2125 1507 2580 1573 mercaturam
2622 1498 3177 1597 amplificandam
3213 1557 3233 1587 ,
3284 1524 3366 1573 ex
3405 1498 3620 1574 animi
3662 1501 4001 1576 sententia

955 1641 1333 1718 speramus.

1047 1738 1295 1812 Restat
1362 1736 1736 1815 dicendum
1789 1736 1876 1809 de
1924 1737 2297 1811 certamine
2346 1738 2676 1812 litterario
2700 1796 2719 1826 ,
2787 1762 2871 1811 ex
2922 1738 3397 1813 munificentia
3446 1737 3663 1838 Regis
3710 1741 3995 1839 Augus·

948 1856 1201 1931 tissimi
1226 1856 1547 1931 instituto
1567 1914 1587 1943 ,
1621 1855 1711 1931 ad
1741 1855 1930 1954 quod
1953 1863 2032 1930 ut
2054 1856 2364 1931 omnium
2397 1855 2929 1932 Academiarum
2964 1867 3354 1932 nostrarum
3376 1864 3448 1931 et
3475 1857 3993 1935 Athenaeorum

947 1976 1129 2051 cives
1169 1982 1406 2051 evocet
1441 1983 1513 2049 et
1558 1974 1840 2062 invitet,
1893 1975 2022 2049 hoc
2049 1999 2231 2050 anno
2260 1975 2667 2050 mandatum
2704 1983 2810 2050 est
2840 1976 3255 2052 Academiae
3284 1977 3991 2076 Lugduno·Batavae.

1589 2215 1905 2313 (beqitur
1957 2214 2404 2312 Proyramma
2466 2216 2873 2289 Certamini}
2920 2215 3340 2307 Litterarit).

1043 2452 1161 2525 Ad
1200 2451 1329 2525 hoc
1366 2458 1601 2525 autem
1644 2459 1988 2526 certamen
2037 2451 2428 2527 ineundum
2474 2477 2613 2527 non
2671 2477 2849 2553 opus
2892 2462 3003 2528 est
3056 2460 3137 2527 ut
3194 2478 3311 2527 vos
3368 2453 3606 2528 multis
3656 2455 3989 2545 excitem,

944 2570 1209 2649 alumni
1243 2571 1662 2647 Academiae
1701 2570 2428 2670 Lugduno·Batavae!
2537 2573 2613 2646 Si
2648 2572 2977 2663 facerem,
3028 2574 3294 2648 viderer
3323 2574 3606 2649 omnino
3634 2575 3987 2675 ignorare,

940 2692 1062 2791 qui
1114 2692 1189 2766 in
1254 2690 1468 2767 vobis·
1503 2690 1672 2765 insit
1715 2691 1930 2765 animi
1973 2691 2178 2766 ardor
2221 2700 2292 2766 et
2343 2692 2669 2767 scientiae
2717 2692 2970 2791 cupido
2990 2750 3011 2782 ,
3071 2700 3144 2767 et
3184 2692 3617 2768 obliviscerer
3660 2694 3864 2794 plane
3912 2694 3987 2767 in

938 2812 1253 2912 proximo
1294 2812 1668 2887 certamine
1715 2813 2064 2887 neminem
2105 2812 2193 2888 de
2231 2813 2380 2889 cive
2420 2812 2838 2887 Academiae
2878 2820 3153 2886 nostrae
3197 2812 3547 2887 victoriam
3584 2822 3988 2911 reportasse.

937 2934 1284 3008 Novimus
1325 2932 1549 3024 enim,
1598 2933 1788 3033 quod
1825 2958 1985 3009 cum
2014 2933 2242 3010 laudis
2271 2931 2755 3008 testificatione
2780 2954 3281 3020 memoramuS,
3306 2954 3595 3006 aureum
3616 2954 3989 3008 nummum

936 3061 1366 3152 reportatum
1447 3079 1597 3129 esse
1671 3079 1714 3129 a
1793 3077 2125 3129 maanus
2211 3076 2619 3130 curninnuo
2703 3075 2968 3126 senum·
3044 3059 3115 3125 et
3184 3072 3515 3125 ronanus
3591 3074 3985 3130 rnnonoao

939 3197 1242 3250 nomon
1266 3235 1286 3264 ,
1357 3199 1652 3273 quorum
1721 3174 1834 3250 hic
1896 3182 2128 3250 tamen
2175 3157 2456 3248 'sortem
2525 3171 2819 3272 experiri
2881 3169 3128 3245 debuit
3170 3176 3407 3244 contra
3470 3169 3985 3246 ornatissimum

941 3317 1326 3369 namucum
1404 3318 1834 3369 consumma
1913 3315 2203 3370 mnnrrs
2226 3350 2246 3380 ,
2330 3291 2756 3368 Traiectinae
2828 3289 3247 3365 Academiae
3308 3289 3521 3364 civem
3542 3323 3563 3378 ;
3635 3299 3989 3391 praeterea

941 3423 1266 3514 argenteo
1333 3439 1626 3492 nummo
1689 3422 2010 3490 ornatum
2076 3437 2226 3486 esse
2282 3433 2673 3485 munuum
2726 3433 3058 3486 raconem
3102 3432 3614 3486 connumssnu.
3716 3411 3803 3487 In
3856 3412 3984 3486 hoc

937 3533 1194 3632 igitur,
1243 3535 1433 3633 quod
1480 3533 1760 3634 aperui,
1813 3530 2185 3608 certamine
2241 3554 2687 3630 nequaquam
2734 3529 3137 3604 dubitamus
3157 3569 3183 3618 ,·
3234 3530 3405 3629 quin
3454 3532 3686 3606 denuo
3733 3530 3983 3606 facturi

939 3653 1089 3729 sitis
1111 3711 1130 3740 ,
1201 3653 1391 3751 quod
1459 3653 1734 3752 saepius
1792 3650 2087 3739 fecistis,
2155 3657 2237 3723 ut
2282 3659 2591 3726 nostram
2640 3651 3089 3726 Academiam
3138 3658 3210 3724 et
3262 3652 3334 3724 in
3394 3651 3695 3726 victoriis
3751 3675 3977 3750 repor-

939 3772 1168 3847 tandis
1217 3773 1515 3872 primam
1565 3771 1879 3846 omnium
1930 3793 2080 3842 esse
2129 3776 2477 3868 appareat.

1035 3891 1156 3965 Ad
1196 3893 1406 3966 finem
1452 3891 1734 3990 perveni
1777 3888 2104 3963 orationis
2123 3947 2143 3976 ,
2195 3888 2321 3987 qui
2363 3887 2547 3963 idem
2598 3889 2761 3964 finis
2806 3890 2938 3964 erit
2982 3891 3119 3964 mei
3162 3891 3628 3991 magistratus.
3730 3893 3975 3967 Fasces

936 4010 1354 4088 Academiae
1422 4009 1637 4110 igitur
1704 4008 1833 4082 tibi
1907 4009 2140 4098 trado,
2207 4009 2314 4083 Cl.
2380 4032 2609 4083 conm-
2631 4068 2653 4098 ,
2726 4034 2905 4107 quo,
2976 4009 3035 4084 si
3086 4009 3273 4108 quid
3313 4011 3548 4098 video,
3599 4008 3979 4085 Academia

938 4139 1174 4205 nostra
1214 4153 1352 4204 non
1397 4128 1594 4202 facile
1635 4127 2021 4227 digniorem
2068 4128 2352 4204 habebit
2396 4130 2785 4206 Rectorem.
2860 4123 3059 4204 Salve
3104 4128 3340 4229 igitur,
3391 4129 3519 4204 Vir
3558 4129 3971 4228 Magnifice,

935 4251 1327 4346 iterumque
1403 4247 1606 4322 salve.
1709 4247 1808 4322 'l'e
1872 4247 2048 4322 duce
2111 4256 2370 4324 crescat
2393 4306 2414 4337 ,
2486 4249 2668 4324 vivat
2730 4249 3106 4348 floreatque
3164 4249 3545 4328 Academia
3599 4249 3971 4348 Lugdune-

936 4369 1223 4442 Batava.

2326 4629 2580 4690 DIXL
