4728 5991
1531 623 1920 690 snmus
1989 619 2649 690 Lsscrlomm.
3522 619 3607 686 83

997 853 1494 929 FACULTAS
1544 853 2271 929 PHILOSOPHIAE
2319 850 3007 928 THEORETIOAE
3054 851 3178 924 ET
3218 893 3231 904 ·

1415 973 1994 1048 LITERARUM
2044 971 2764 1047 HUMANIORUM.

577 1205 629 1264 Ι.
671 1202 912 1276 BAKE,
957 1198 1299 1290 quantum
1340 1189 1594 1289 poterit
1628 1200 1698 1264 et
1723 1189 1994 1278 licebit,
2045 1189 2451 1265 auctoritate
2476 1195 2547 1264 et
2576 1188 2861 1266 consilio
2888 1188 3214 1264 adiuvare

672 1310 1038 1388 conabitur
1077 1335 1196 1386 eos
1218 1368 1238 1398 ,
1288 1310 1412 1407 qui
1445 1311 1520 1384 in
1565 1310 1952 1385 Literarum
1991 1309 2503 1386 Humaniorum
2546 1310 2797 1385 studiis
2832 1315 3208 1385 versantur.

581 1449 652 1504 Α.
691 1445 1052 1504 RUTGEBS
1095 1453 1388 1506 ussum
1453 1439 1526 1504 et
1591 1455 1960 1506 naascucl
2049 1432 2401 1506 Vaticinia
2446 1439 2519 1504 et
2570 1429 2883 1504 Psalmoe
2926 1429 3216 1504 selectos

677 1549 1282 1649 interpretabitur,
1329 1550 1582 1624 diebus
1623 1551 1860 1626 Lunae
1919 1558 1990 1625 et
2033 1549 2326 1639 Martis,
2394 1605 2922 1625 ........
2934 1539 2941 1547 ’
2977 1607 2995 1625 .
3048 1605 3067 1624 .
3120 1603 3141 1624 .
3194 1606 3211 1624 .
3282 1547 3451 1623 bora
3476 1547 3603 1626 IX.

965 1679 1036 1744 et
1083 1669 1198 1745 die
1249 1671 1574 1746 Mercurii
1593 1724 3211 1758 .......................
3427 1668 3606 1747 VIII.

773 1789 1090 1888 Linguae
1181 1787 1545 1866 Hebraeae
1623 1790 2146 1889 grammaticam
2219 1787 2497 1864 docebit
2511 1845 2531 1876 ,
2608 1787 2857 1864 diebus
2930 1788 3173 1864 Lunae
3193 1847 3214 1878 ,

873 1909 1126 1984 Martis
1175 1918 1248 1984 et
1296 1910 1508 1999 Iovis,
1589 1969 1604 1985 .
1677 1961 3211 1986 ......................
3431 1908 3606 1985 V111.

781 2027 1086 2102 Pm'mum
1165 2051 1526 2104 sanemus
1611 2031 1856 2105 librum
1931 2027 2234 2104 cursoria
2307 2029 2600 2104 lectione
2670 2029 3029 2117 tractabit,
3104 2027 3217 2104 die

869 2148 1112 2223 Lunae
1129 2205 1150 2236 ,
1219 2201 3215 2227 ............................
3560 2151 3609 2226 1.

969 2275 1042 2342 et
1089 2267 1202 2342 die
1249 2269 1425 2343 Iovis
1448 2320 3219 2357 .........................
3457 2269 3610 2344 XII.

775 2387 1252 2486 Antiquitates
1317 2387 1780 2463 Israelitarum
1843 2386 2218 2487 explicabit
2235 2444 2257 2477 ,
2309 2387 2561 2462 diebus
2580 2445 2601 2476 ,
2648 2389 2891 2464 Lunae
2908 2447 2929 2478 ,
2972 2389 3221 2465 Martis

875 2515 946 2580 et
995 2507 1363 2596 Mercurii,
1453 2557 3212 2586 .........................
3456 2508 3610 2586 ΧΙΙ.

777 2626 1316 2701 Grammatieam
1385 2626 1802 2702 Senseritam
1870 2625 2146 2700 docebit
2167 2627 2194 2714 ,'
2261 2625 2373 2700 die
2435 2635 2508 2702 et
2566 2626 2751 2702 boris
2792 2627 3225 2704 auditoribus

870 2744 1278 2820 commodis,

583 2877 634 2934 1.
677 2873 756 2936 Η.
797 2875 1212 2936 s‘ruFFKuN
1251 2863 1582 2963 logicam
1621 2865 1885 2954 tradet,
1935 2865 2050 2940 die
2095 2865 2389 2954 Martis,
2466 2921 3221 2942 ...........
3560 2865 3611 2940 Ι.

975 2991 1048 3057 et
1096 2982 1346 3061 diebus
1392 2985 1568 3059 Iovis
1616 2995 1688 3061 et
1732 2985 2023 3061 Veneris
2040 3037 3217 3075 .................
3488 2982 3611 3061 XI.

779 3104 1330 3204 Metaphyaicam
1371 3104 1691 3197 docebit,
1715 3106 1988 3183 diebus
2031 3106 2280 3183 Martis
2323 3116 2395 3182 et
2436 3106 2765 3183 Mercurii
2783 3162 3221 3195 .......
3514 3102 3612 3178 Χ.

779 3222 1164 3300 Historiam
1232 3224 1714 3327 Philosophiae
1779 3227 2148 3327 explicabit
2170 3285 2191 3316 ,
2248 3226 2507 3303 diebus
2570 3228 2813 3303 Lunae
2880 3235 2951 3302 et
3006 3224 3182 3301 Iovis
3201 3284 3222 3313 ,
3456 3222 3613 3299 XII.

775 3343 1322 3443 Paedagogicam
1359 3354 1696 3445 exponet,
1737 3346 1990 3422 diebus
2021 3354 2098 3422 et
2143 3346 2328 3421 horis
2353 3346 2791 3423 auditoribus
2820 3344 3221 3423 commodis.

587 3474 654 3533 c,
697 3475 769 3536 G.
810 3475 1070 3536 οοΒΕΤ
1109 3465 1678 3565 interpretabitur
1723 3492 2128 3557 nomnium,
2175 3490 2635 3559 nnaonowu
2676 3477 2748 3544 et
2780 3488 3227 3543 Amsrorna·

687 3604 878 3672 nnn,
929 3583 1179 3659 diebus
1227 3584 1502 3675 Lunae,
1554 3588 1802 3663 Martis
1851 3596 1923 3663 et
1971 3589 2336 3677 Mercurii,
2404 3639 3225 3666 ............
3518 3580 3613 3659 Χ.

785 3702 1262 3840 Antiquitates
1325 3706 1676 3782 Romanas
1742 3709 2006 3796 tradet,
2071 3708 2320 3783 diebus
2369 3709 2649 3796 Lunae,
2698 3707 2987 3795 Martis,
3039 3708 3225 3781 Mer·

874 3823 1049 3898 curii
1095 3830 1168 3899 et
1216 3824 1391 3899 Iovis
1411 3878 3227 3913 ..........................
3458 3818 3609 3896 ΧΠ.

779 3942 1164 4019 Historiam
1248 3952 1548 4021 veterem
1627 3946 2082 4044 provectiores
2165 3944 2482 4033 docebit,
2568 3942 2815 4018 diebus
2892 3942 3070 4017 Iovis
3154 3948 3227 4014 et

877 4061 1164 4138 Veneris
1183 4114 3221 4153 .............................
3562 4058 3613 4132 1.

781 4182 1025 4257 Artem
1079 4184 1438 4261 metricam
1480 4183 1757 4260 docebit
1773 4241 1794 4272 ,
1845 4183 2093 4259 diebus
2142 4183 2430 4259 Veneris
2477 4190 2549 4259 et
2598 4182 2881 4258 Saturni
2898 4238 3221 4270 .....
3455 4176 3611 4253 XII.

784 4298 1066 4377 Scholas
1104 4302 1603 4404 paedagogicas
1647 4301 1931 4377 habebit
1949 4359 1969 4391 ,
2018 4301 2268 4378 diebus
2313 4302 2564 4379 Martis
2605 4312 2675 4378 et
2722 4301 2897 4376 Iovis
2917 4357 3220 4390 .....
3530 4297 3611 4373 11.

782 4420 984 4495 Initia
1025 4422 1604 4523 Palaeographiae
1647 4422 1950 4497 Graecae
1989 4422 2403 4499 candidatis
2433 4423 2786 4499 literarum
2809 4418 3223 4521 explicabit,

876 4539 1124 4617 diebus
1171 4541 1460 4618 Veneris
1509 4550 1581 4617 et
1630 4542 1950 4631 Saturni,
2044 4596 3224 4620 .................
3286 4534 3609 4611 lx—xl.

589 4668 662 4727 R.
703 4666 766 4729 P.
806 4672 880 4731 A.
920 4670 1128 4734 DozY
1185 4662 1568 4737 Historiam
1648 4649 2102 4738 universalem
2168 4662 2540 4763 explicabit
2559 4719 2584 4751 ,
2648 4660 2897 4736 diebus
2944 4658 3187 4735 Lunae
3208 4714 3230 4747 ,

691 4776 938 4854 Martis
993 4788 1066 4855 et
1106 4782 1479 4870 Mercurii,
1541 4831 3233 4860 ........................
3490 4769 3615 4847 XI.
