4728 5991
1864 610 2426 679 ORATIO.
3545 609 3678 679 233

620 791 1009 893 communis
1054 817 1317 892 Christi
1366 817 1711 894 Ecclesiae
1731 877 1751 909 ,
1819 817 2235 920 Theologiae
2253 879 2273 907 ,
2323 819 2744 896 Academiae
2789 843 2984 894 amor
2999 877 3018 907 ‚
3069 817 3272 918 quasi
3325 817 3668 918 sepimen-

620 947 773 1012 tum
823 937 917 1012 sit
962 945 1175 1037 atque
1220 937 1647 1012 indivulsum
1700 938 2041 1038 ligamen!
3541 1040 3546 1044 .

718 1057 867 1132 Nec
939 1083 1057 1132 voe
1119 1057 1531 1134 insalutatos
1602 1057 1951 1135 dimittere
2016 1085 2301 1160 possum
2323 1113 2345 1152 ,
2411 1060 2644 1136 Amici
2665 1119 2686 1150 ,
2754 1083 2930 1158 quos
3000 1058 3110 1133 vel
3177 1046 3667 1148 Roterodami,

619 1177 725 1251 vel
788 1177 941 1266 hic,
1010 1177 1116 1253 vel
1168 1177 1361 1253 alibi·
1401 1179 1613 1254 etiam
1672 1180 1813 1256 iam
1858 1180 1985 1254 diu
2024 1181 2352 1280 cognovi,
2422 1191 2545 1256 aut
2587 1179 2921 1278 collegae,
2989 1189 3113 1254 aut
3155 1178 3494 1268 fautores,
3545 1185 3670 1254 aut

616 1306 945 1398 cognatos
1016 1297 1399 1398 fratresque
1470 1301 1676 1377 κατὰ
1744 1309 2041 1396 πνεῦμα
2118 1299 2600 1400 integerrimos
2619 1357 2641 1390 ,
2708 1299 3008 1399 quique,
3073 1298 3266 1396 quali
3325 1323 3490 1398 erga
3551 1323 3664 1374 me

616 1419 847 1493 animo
908 1418 1063 1494 sitis
1080 1477 1101 1508 ,
1169 1419 1297 1495 hac
1350 1420 1503 1520 ipsa
1566 1421 1732 1496 hora
1795 1420 2181 1523 praesentia
2240 1423 2465 1496 vestra
2513 1418 2933 1496 monstratis.
3039 1420 3278 1496 Quare
3315 1419 3497 1492 inter
3544 1443 3665 1494 vos

614 1561 1087 1629 nutritum,
1138 1537 1357 1626 eheu,
1410 1539 1762 1632 desidero,
1812 1545 2083 1617 matura
2124 1551 2343 1617 morte
2390 1539 2842 1640 Reipublicae
2896 1538 3280 1614 litterarum
3301 1597 3324 1628 ,
3374 1538 3616 1614 amicis
3639 1597 3662 1628 ,

615 1657 786 1731 mihi
852 1681 1133 1756 quoque
1196 1666 1509 1758 ereptum
1532 1660 1567 1732 P
1666 1659 1849 1739 Quis
1920 1659 2263 1734 desiderio
2328 1659 2421 1732 sit
2489 1659 2716 1758 pudor
2791 1668 2915 1733 aut
2989 1658 3239 1734 modus
3309 1668 3454 1734 tam
3521 1658 3664 1735 cari

613 1776 859 1877 capitis
879 1779 914 1851 P
984 1777 1237 1852 Multis
1290 1778 1411 1852 ille
1457 1779 1663 1854 bonis
1708 1779 1961 1854 flebilis
2002 1778 2293 1868 occidit,
2342 1779 2522 1854 nulli
2567 1788 2804 1854 autem
2851 1778 3180 1868 flebilior,
3231 1805 3446 1879 quam
3489 1779 3662 1870 tibi,

612 1899 967 1971 nonnum!
1045 1900 1212 1976 Quo
1283 1899 1505 1998 magis
1574 1898 1747 1974 mihi
1818 1898 2159 2000 gratulor,
2228 1908 2333 1974 tot
2389 1899 2559 1975 alios
2611 1899 3058 1998 superstites,
3108 1899 3252 1973 imo
3301 1899 3416 1973 hic
3464 1924 3661 1998 prae·

613 2027 844 2094 sentes
890 2018 1169 2108 videns,
1234 2045 1531 2120 quorum
1580 2020 1923 2096 amicitiae
1968 2020 2385 2096 documenta
2407 2078 2427 2108 ,
2480 2029 2550 2094 et
2599 2028 2804 2094 antea
2847 2027 2920 2094 et
2966 2017 3438 2094 recentissimo
3481 2028 3660 2094 tem-

608 2162 773 2237 pore
850 2137 923 2212 in
990 2163 1103 2213 me
1172 2141 1539 2239 praestita,
1608 2141 1769 2215 imis
1836 2140 2009 2216 meis
2064 2140 2279 2216 infixa
2346 2148 2634 2214 manent
2693 2138 3038 2214 medullis.
3139 2137 3459 2238 Pergite,
3511 2137 3665 2212 Viri

608 2257 1196 2348 coniunctissimi,
1264 2261 1567 2336 amicum
1636 2285 1869 2337 amore
1926 2269 2187 2349 vestro,
2248 2259 2590 2360 imprimis
2651 2282 2810 2332 vero
2858 2257 3034 2332 votis
3077 2266 3290 2357 atque
3335 2257 3659 2356 precibus

606 2378 965 2478 persequi,
1008 2379 1283 2478 ipsique
1327 2379 1757 2468 iunioribus,
1807 2379 1998 2479 quod
2038 2380 2181 2454 iam
2226 2378 2434 2467 estis,
2483 2379 2822 2452 maneatis
2870 2378 3186 2478 exempla
3228 2379 3487 2476 quibus
3533 2404 3655 2477 ap·

602 2507 879 2597 pareat,
949 2523 1315 2598 germanos
1371 2500 1755 2602 Theologos
1828 2509 2037 2600 atque
2106 2498 2422 2574 homines
2481 2498 2913 2573 Christianos
2963 2522 3406 2597 nequaquam
3462 2523 3656 2597 scep-

600 2619 775 2695 ticos
825 2619 1015 2693 essel

696 2739 793 2812 Et
862 2739 963 2813 ita
1034 2737 1319 2813 tandem
1390 2738 1477 2814 ad
1545 2763 1665 2814 vos
1726 2739 2239 2839 compellandos
2306 2737 2597 2826 accedo,
2665 2736 3022 2812 lectissimi
3075 2739 3381 2812 Iuvenes
3400 2796 3421 2826 ,
3473 2762 3651 2838 quos

600 2857 737 2932 iam
788 2856 1087 2932 salutare
1137 2857 1339 2934 liceat
1385 2858 1697 2934 eiusdem
1747 2858 1970 2935 almae
2024 2857 2265 2934 matris
2312 2882 2586 2932 mecum
2636 2857 3065 2956 gratissimos
3111 2857 3324 2933 filios!
3398 2858 3656 2934 Nullus

600 2977 785 3053 inter
835 3002 953 3052 vos
1002 2977 1117 3052 cui
1164 3004 1339 3068 non,
1408 2979 1469 3053 si
1516 2978 1691 3055 forte
1738 2980 1993 3081 possim
2020 3038 2042 3071 ,
2092 2979 2354 3055 sincere
2397 2978 2724 3079 prodesse
2771 2977 3045 3079 cupiam
3066 3013 3087 3069 ;
3141 3004 3253 3054 me
3299 2979 3658 3079 recipitote

596 3097 851 3197 igitur,
913 3122 1213 3197 quaeso,
1278 3108 1614 3198 tanquam
1674 3100 1896 3175 virum
1922 3160 1943 3189 ,
2007 3100 2321 3200 propriae
2389 3098 2773 3174 iuventutis
2821 3123 3260 3197 nequaquam
3310 3099 3652 3190 oblitum,

596 3228 1039 3317 vestramque
1100 3219 1199 3293 ita
1269 3229 1618 3295 amantem
1640 3277 1659 3307 ‚
1730 3228 1813 3295 ut
1878 3220 1967 3295 de
2033 3220 2262 3309 vobis,
2326 3220 2588 3319 patriae
2639 3228 2851 3317 atque
2899 3220 3246 3295 Ecclesiae
3297 3245 3420 3320 spe
3439 3279 3460 3308 ,
3509 3220 3652 3295 iam

592 3335 860 3435 optima
928 3360 1246 3435 quaeque
1314 3345 1688 3437 exspectet.
1806 3338 2022 3416 Quod
2077 3338 2271 3413 vobis
2336 3364 2504 3437 prae
2569 3338 2854 3413 caeteris
2918 3338 3183 3415 dictum
3239 3339 3363 3429 sit,
3432 3340 3652 3415 futuri

593 3456 971 3555 Theologi,
1046 3480 1221 3555 quos
1285 3456 1425 3531 iam
1494 3456 1850 3531 nanciscor
1906 3457 2291 3545 auditores,
2362 3455 2772 3555 discipulos,
2845 3442 3044 3555 spero
3113 3467 3184 3531 et
3247 3456 3504 3532 amicos
3567 3484 3650 3535 ac

589 3576 1138 3651 commilitones!
1223 3576 1533 3651 Omnino
1582 3577 2090 3664 commilitones,
2142 3601 2307 3651 nam
2354 3575 2798 3650 militandum
2831 3575 2962 3649 erit
2998 3584 3068 3651 et
3105 3575 3300 3651 vobis
3326 3578 3642 3670 etmihi,
3769 3658 3780 3669 ‚

588 3722 820 3797 quum
898 3696 1299 3771 difficillimo
1368 3708 1675 3798 tempore
1746 3704 2053 3771 sanctam
2108 3696 2181 3770 in
2241 3695 2689 3794 Theologiam
2754 3696 3009 3771 iunctis
3064 3696 3324 3770 viribus
3371 3696 3642 3772 incum-

586 3817 867 3891 bamus.
969 3819 1297 3896 Quonam
1339 3816 1573 3893 animo
1624 3841 1904 3917 quoque
1946 3817 2145 3890 Duce
2189 3815 2515 3915 equidem
2567 3815 2744 3889 hanc
2796 3814 3206 3914 palaestram
3255 3816 3642 3914 ingrediar,

586 3936 903 4011 oratione
972 3938 1124 4011 mea
1193 3946 1264 4010 et
1320 3957 1443 4011 vos
1496 3936 1879 4012 audivistis.
1978 3936 2139 4009 Hoc
2192 3960 2418 4010 unum
2473 3934 2727 4010 addere
2773 3933 3012 4022 liceat,
3063 3934 3238 4007 mihi
3285 3960 3446 4035 prae
3489 3962 3640 4013 om-

586 4056 805 4131 nibus
867 4056 1231 4155 Evangelii·
1286 4056 1557 4156 placitis
1618 4079 1975 4130 summum
2032 4054 2211 4129 illud
2268 4064 2714 4155 praeceptum
2770 4051 2860 4127 de
2910 4062 3161 4129 mutuo
3212 4079 3444 4130 amore
3493 4058 3641 4157 pla-

584 4200 743 4251 cere
768 4234 789 4264 ,
858 4176 982 4274 qui
1042 4176 1312 4251 utinam
1383 4176 1549 4250 olim
1616 4175 1991 4273 aliquando
2054 4174 2522 4274 theologicum
2573 4173 2874 4273 excipiat
2931 4175 3168 4249 odium
3191 4233 3214 4264 ,
3278 4173 3422 4251 imo
3467 4178 3646 4255 illud

584 4318 862 4369 nucem
929 4294 1361 4395 aliorumque
1418 4296 1589 4371 mihi
1647 4296 1826 4369 vitae
1885 4295 2279 4394 symbolum
2334 4320 2523 4371 esse:
2575 4298 2902 4370 neminem
2955 4298 3345 4386 condemno,
3395 4300 3470 4371 in
3515 4324 3646 4399 quo

580 4416 863 4515 aliquid
929 4416 1187 4490 Christi
1236 4418 1525 4514 reperio,
1624 4415 1863 4490 Talem
1928 4415 2144 4515 igitur
2206 4439 2319 4490 me
2376 4416 2687 4490 habeatis
2745 4416 2951 4490 velim
2973 4474 2992 4503 ,
3044 4415 3206 4516 qui,
3257 4417 3448 4515 quod
3493 4418 3644 4517 ipse

577 4533 879 4635 profecit
952 4532 1280 4609 diuturna
1359 4534 1781 4635 experientia
1850 4536 2265 4610 sanctissimi
2336 4536 2678 4625 muneris,
2747 4536 2824 4611 id
2904 4545 3132 4611 totum
3200 4536 3274 4610 in
3336 4547 3644 4614 vestrum

577 4654 1139 4729 emolumentum
1196 4664 1630 4743 convertere,
1698 4680 1925 4755 neque
1984 4656 2235 4731 scholis
2287 4664 2596 4745 tantum,
2659 4656 2784 4730 sed
2842 4655 3162 4730 familiari
3205 4655 3414 4730 etiam
3454 4682 3641 4731 com·

574 4773 845 4849 mercio
892 4772 1086 4847 vobis
1132 4774 1457 4873 prodesse
1500 4774 1811 4875 aliosque
1862 4774 2173 4850 docendo
2218 4774 2372 4875 ipse
2423 4775 2735 4875 quotidie
2777 4774 3040 4851 discere
3076 4774 3334 4873 cupiat.
3410 4775 3640 4854 Quid·

3213 4896 3310 4967 30
