4728 5991
1562 576 2145 648 DOCTORES
2212 581 2643 650 cnssATl.
3495 579 3626 646 313

712 907 901 980 1862
1470 809 1580 883 ΙΝ
1626 807 2195 886 FACULTATE
2248 807 2727 886 IURIDICA.

563 1026 628 1102 d.
685 1029 775 1100 15
828 1025 984 1100 Oet.
1090 1031 1295 1099 isaiic
1366 1049 1604 1113 sums,
1674 1027 2416 1102 Assena-Drenthinus
2435 1085 2456 1116 ‚
2530 1025 2852 1125 privatim
2913 1026 3216 1102 defensis
3269 1024 3615 1126 quaestio·

833 1145 1043 1220 nibus
1090 1143 1259 1218 iuris
1304 1144 1874 1245 inungui-alffius,
1926 1148 2071 1222 Iur.
2124 1147 2331 1223 Rom.
2385 1156 2457 1222 et
2503 1147 2694 1222 Hod.
2745 1148 2950 1223 Doct.

562 1265 631 1339 d.
735 1268 781 1338 3
829 1264 1007 1340 Nov.
1114 1287 1547 1340 aenomaus
1614 1289 2029 1341 nonovious
2092 1289 2470 1342 Anninus
2539 1289 2988 1340 mutilena
3055 1287 3414 1342 msxs‘rns
3441 1323 3462 1354 ,
3529 1287 3618 1338 ex

828 1409 1013 1485 pago
1070 1383 1295 1458 Arum
1348 1383 1612 1460 Frisius
1630 1443 1653 1473 ,
1718 1385 2039 1485 privatim
2089 1384 2393 1462 defensis
2445 1386 2972 1484 quaestionibus
3017 1385 3188 1460 iuris
3239 1385 3611 1484 inaugure-

836 1503 1020 1580 libus
1043 1561 1064 1592 ,
1115 1505 1261 1580 Iur.
1312 1503 1517 1578 Rom.
1570 1515 1643 1578 et
1689 1503 1879 1578 Hod.
1930 1504 2171 1593 Doot.‚
2221 1531 2363 1578 cum
2415 1506 2640 1579 laude.

562 1622 627 1696 d.
684 1625 779 1697 26
832 1624 1007 1698 Nov.
1112 1647 1386 1699 remus
1457 1647 1845 1714 Annua,
1905 1625 2303 1712 Snecanus,
2353 1623 2680 1724 privatim
2737 1622 3036 1700 defensis
3089 1620 3615 1720 quaestionibus

831 1741 1002 1817 iuris
1050 1743 1615 1844 inungui-dibus,
1667 1747 1813 1820 Iur.
1866 1744 2072 1820 Rom.
2126 1755 2198 1819 et
2246 1745 2440 1821 Hod.
2491 1745 2692 1820 Doet.

560 1861 627 1936 d.
686 1863 779 1936 18
830 1862 993 1936 Dee.
1098 1885 1521 1939 Amnomus
1598 1887 1919 1938 manu.
1998 1887 2356 1938 oennsnmo
2385 1922 2406 1953 ,
2483 1863 3017 1962 Groningsnus,
3100 1859 3423 1960 privatim
3497 1859 3617 1934 de-

829 1978 1043 2056 fensis
1100 1983 1627 2078 quaestiouibus
1690 1983 1861 2058 iuris
1932 1981 2500 2082 inauguralibus,
2571 1983 2715 2057 Iur.
2762 1981 2968 2060 Rom.
3013 1990 3086 2056 et
3134 1980 3322 2056 Hod.
3369 1980 3574 2054 Doot.
3597 2037 3619 2068 ,

832 2125 977 2175 cum
1024 2103 1247 2176 laude.

559 2219 626 2293 d.
685 2221 775 2294 18
826 2219 993 2294 Dee.
1096 2243 1549 2298 numanus
1592 2245 1964 2296 mamus
2005 2242 2441 2294 Tnousssnu
2484 2242 2531 2293 A
2576 2242 2992 2296 wnunssmx
3022 2243 3173 2294 vm
3203 2243 3354 2294 nnn
3385 2244 3618 2308 noos,

822 2339 1317 2438 Groninganus
1335 2398 1355 2427 ,
1428 2341 1749 2438 privatim
1824 2340 2125 2416 defensis
2199 2339 2725 2439 quaestionibus
2799 2339 2970 2414 iuris
3049 2339 3577 2439 inauguralibus
3595 2395 3618 2428 ‚

822 2457 967 2535 lur.
1020 2459 1225 2534 Rom.
1277 2469 1350 2535 et
1394 2459 1587 2536 Hod.
1639 2461 1839 2536 Doot.

556 2577 625 2652 d.
678 2579 775 2652 20
824 2577 997 2654 Dee.
1099 2603 1318 2654 unus
1386 2603 1683 2654 monas
1746 2601 2259 2654 rnanmmnus
2317 2601 2675 2665 mmm,
2725 2579 3341 2676 Franequeranus,
3391 2575 3616 2674 priva·

824 2698 957 2772 tim
1020 2697 1325 2773 defensis
1397 2699 1924 2797 quaestionibus
1990 2699 2160 2774 iuris
2222 2696 2752 2797 inauguralibus
2771 2755 2792 2786 ,
2853 2696 2997 2772 Iur.
3047 2696 3254 2770 Rom.
3298 2701 3372 2769 et
3421 2693 3617 2784 Hod,

806 2799 1073 2906 'Doct.‚
1123 2843 1268 2893 cum
1316 2820 1540 2894 laude.

556 2935 626 3013 d.
677 2938 773 3011 20
820 2935 990 3013 Deo.
1093 2959 1369 3013 emaus
1422 2960 1799 3015 ‘romnus
1820 2998 1841 3029 ,
1904 2936 2417 3039 Meppelensis,
2470 2936 2795 3036 privatim
2843 2934 3147 3012 defensis
3192 2932 3614 3035 quaestioni-

828 3056 965 3131 bus
1014 3056 1183 3131 iuris
1232 3044 1799 3158 inauguralibus,
1852 3061 1995 3135 Iur.
2047 3060 2251 3135 Rom.
2304 3066 2380 3133 et
2431 3058 2621 3133 Hod.
2674 3058 2877 3133 Doot.

708 3177 923 3251 1863.

557 3294 623 3369 d.
728 3298 769 3371 7
821 3295 1027 3371 Febr.
1130 3320 1351 3371 ossus
1400 3322 1816 3387 nos-smmi,
1865 3297 2640 3387 Assem-Brenthinus,
2691 3296 3012 3396 privatim
3059 3296 3362 3373 defensis
3398 3320 3612 3394 quae-

822 3415 1167 3493 stionibus
1234 3416 1405 3491 iuris
1468 3418 1996 3518 inauguralibus
2016 3476 2035 3507 ,
2097 3420 2241 3493 Iur.
2294 3419 2500 3493 Rom.
2525 3426 2617 3493 -et
2661 3416 2852 3493 Hod.
2899 3418 3100 3493 Doot.
3122 3474 3144 3505 ,
3195 3443 3338 3491 cum
3383 3418 3606 3493 laude.

557 3534 625 3609 d.
727 3538 773 3609 2
823 3536 1033 3611 Mart.
1138 3558 1585 3612 ommnnuus
1656 3560 1877 3614 unus
1948 3560 2307 3626 nummus,
2379 3562 2466 3611 ex
2528 3560 2709 3636 pago
2773 3536 2998 3611 Haren
3065 3537 3603 3635 Groninganus‚

819 3654 1097 3752 publice
1152 3654 1434 3729 defenso
1490 3656 1865 3755 specimine
1928 3657 2219 3731 iuridioo
2285 3655 2692 3755 inaugurale
2715 3712 2736 3743 ,
2797 3655 3020 3754 patrio
3074 3680 3394 3730 sermono
3447 3680 3608 3729 oon·

830 3773 1085 3872 scripto
1106 3831 1127 3862 ‚
1197 3773 1285 3847 de
1356 3775 1796 3872 quaestionez
1904 3776 2101 3855 Quid
2166 3774 2696 3849 constitutiones
2769 3783 3043 3850 nostrae
3111 3781 3272 3874 post
3341 3797 3604 3849 annum

833 3896 921 3969 17
928 3899 1021 3967 95
1069 3894 1530 3969 intellexerint
1584 3920 1707 3993 per
1762 3919 1995 3970 vocem
2058 3895 2501 3969 Uitvoerende
2552 3901 2775 3993 maqt,
2838 3894 2984 3967 Ius.
3029 3893 3235 3967 Rom.
3289 3900 3360 3967 et
3409 3892 3598 3969 Hod.

821 4014 1023 4087 Doet.
1046 4070 1067 4101 ,
1117 4032 1361 4111 ’κάρφεα
1412 4040 1553 4088 cum
1601 4016 1824 4091 laude.
3430 4012 3436 4015 ⁵

556 4130 626 4205 d.
682 4133 775 4206 28
826 4134 1035 4207 Mart.
1137 4155 1557 4208 nummus
1623 4156 1937 4208 romulis
2004 4155 2446 4220 FENSEMNG,
2516 4129 3045 4230 Groninganus,
3115 4130 3432 4228 privatim
3481 4130 3600 4205 de-

820 4251 1035 4327 fensis
1082 4252 1605 4350 quaestionibus
1649 4252 1821 4327 iuris
1862 4252 2431 4352 inauguralibus,
2485 4250 2670 4326 Iuris
2713 4251 2918 4325 Rom.
2968 4259 3040 4324 et
3092 4250 3280 4326 Hod.
3324 4250 3526 4327 Doct.

554 4370 625 4446 d.
681 4374 772 4445 12
822 4371 1019 4445 Maii.
1121 4394 1541 4447 Anwnomus
1604 4396 2035 4460 ornanum,
2100 4369 3058 4459 Soheemda-Oldambtinus‚'
3106 4370 3430 4469 privatim
3475 4371 3594 4447 de·

820 4488 1035 4564 sensis
1082 4490 1606 4589 quaestionibus
1648 4493 1817 4567 iuris
1861 4491 2434 4591 inauguralibuS,
2487 4493 2632 4566 Iur.
2688 4490 2896 4565 Rom.
2947 4496 3019 4564 et
3070 4488 3260 4565 Hod.
3312 4490 3514 4564 Doet.

551 4607 619 4681 d.
673 4610 764 4684 27
816 4608 1027 4683 Iunii.
1126 4632 1579 4686 sumamus
1651 4635 1798 4685 vam
1868 4634 2099 4699 mnu,
2162 4610 2592 4696 Zwollsnus,
2649 4608 2973 4707 privatim
3024 4605 3325 4683 defensis
3374 4632 3586 4706 quae-

821 4726 1163 4803 stionibus
1206 4728 1377 4803 iuris
1426 4728 1990 4828 inauguralibus,
2040 4731 2187 4804 Iur.
2242 4730 2446 4804 Rom.
2498 4738 2570 4803 et
2619 4728 2808 4805 Hod.
2865 4728 3067 4803 Doot.

3175 4849 3272 4920 40
