4728 5991
104 5289 112 5302 -
101 5221 109 5269 --
101 4866 111 5205 -v-v—*v-fi——v-—v
101 4778 119 4849 -Γ
101 4766 104 4777 -
101 4662 119 4749 ——-—--
101 4468 117 4686 —-v-v-—·-—-
112 4487 117 4497 -
100 4312 110 4467 *vv——
101 4246 105 4293 —-
101 4174 106 4223 —-
101 4016 111 4127 —u⁴-—*-v

1104 627 1239 696 260
2047 621 2121 688 E.
2188 620 2239 686 1.
2309 617 2628 682 DIEST
2701 611 3200 681 LORGION

1108 829 1565 933 apologeticas
1628 827 1737 902 vel
1782 821 2179 926 ‘polemicas
2238 822 2376 898 vim
2445 823 2722 912 intulit,
2797 829 2878 896 ut
2941 845 3105 896 eum
3173 827 3526 918 torqueret
3587 821 3662 895 in
3717 843 3925 894 suum
3973 844 4150 896 com·

1108 953 1419 1029 modum.
1540 948 1809 1048 Operae
1872 945 2171 1046 pretium
2242 952 2350 1019 est
2411 943 2650 1019 audire
2715 950 2788 1016 et
2855 963 3276 1016 rasennaum
3299 997 3322 1028 ,
3389 939 3548 1038 qui,
3621 940 3828 1015 verba
3902 939 4152 1017 faciens

1110 1053 1207 1148 =de
1290 1068 1695 1146 auctoritate
1784 1067 2075 1142 Patrum
2148 1065 2222 1138 in
2294 1063 2721 1164 expositione
2805 1063 3050 1138 Sacrae
3129 1059 3524 1158 Scripturae
3543 1117 3564 1149 ,
3639 1060 3799 1136 licet
3869 1062 4154 1136 affirmet

1123 1189 1611 1265 acatholicum
1645 1188 2089 1285 interpretem
2131 1184 2348 1259 teneri
2368 1241 2390 1274 ,
2429 1184 2706 1258 Sacram
2745 1181 3172 1280 Scripturam
3211 1180 3284 1253 in
3325 1178 3534 1254 rebus
3574 1179 3741 1254 fidei
3777 1190 3850 1256 et
3887 1205 4150 1257 morum

1114 1314 1312 1386 iuoeta
1359 1311 1733 1383 unanimem
1777 1330 2157 1380 consensum
2194 1304 2484 1378 Patrum
2526 1301 2829 1400 accipere
2871 1309 2942 1374 et
2978 1299 3498 1398 interpretari,’'
3550 1308 3782 1374 tamen
3825 1300 4149 1392 declarat,

1123 1461 1163 1502 n
1184 1429 1456 1506 silentio
1515 1427 1703 1502 haud
1766 1451 1917 1500 esse
1972 1421 2664 1523 praetermittendum
2686 1479 2705 1510 ,
2777 1445 2916 1494 non
2985 1428 3128 1495 tam
3186 1443 3395 1518 opera
3439 1419 3724 1493 Patrum
3777 1421 4148 1520 exegetica,

1118 1551 1195 1627 in
1244 1549 1505 1649 quibus
1545 1547 1752 1647 genio
1796 1544 1908 1620 sui
1940 1543 2090 1618 aevi
2130 1542 2574 1642 indulgentes
2615 1539 2958 1640 allegoriis
3001 1537 3362 1639 captandis
3402 1537 3699 1614 nimium
3743 1541 4149 1640 quandoque

1118 1669 1619 1755 intendebant,
1683 1690 1836 1740 esse
1894 1661 2355 1750 consulenda,
2417 1661 2541 1735 sed
2586 1681 2792 1758 opera
2841 1659 3232 1759 dogmatica
3255 1716 3275 1747 ,
3326 1659 3613 1733 moralia
3665 1667 3736 1733 et
3787 1660 4147 1760 polemica,

1117 1789 1193 1864 in
1240 1787 1499 1886 quibus
1549 1793 1655 1861 sat
1705 1785 2101 1881 frequenter
2140 1781 2516 1878 scripturae
2562 1778 2745 1869 loca,
2787 1804 2874 1852 ex
2915 1778 3172 1878 quibus
3210 1779 3537 1877 dogmata
3561 1777 3726 1852 fidei
3755 1803 4148 1878 morumque

1116 1906 1535 2008 probantur,
1587 1902 1969 1977 luculenter
2008 1908 2305 1975 tractant
2346 1907 2418 1974 et
2459 1899 2674 1973 solide
2724 1900 3152 1997 exponunt.”
3249 1898 3510 1972 Verum
3573 1898 3956 1990 enimver0,
4020 1925 4148 1999 quo

1116 2025 1327 2102 modo
1364 2023 1706 2100 confidere
1746 2020 2128 2121 possimus,
2181 2019 2574 2118 Scripturae
2621 2018 2769 2092 loca
2815 2026 2998 2092 reete
3028 2018 3278 2118 exponi
3307 2043 3350 2092 a
3378 2017 3705 2093 Patribus
3733 2018 3803 2092 in
3835 2020 4146 2120 operibus

1120 2143 1572 2245 dogmaticis,
1624 2140 2036 2229 moralibus,
2096 2139 2503 2238 exegeticis,
2563 2138 2623 2212 si
2675 2163 2882 2239 opera
2931 2162 3168 2212 eorum
3217 2136 3606 2237 exegetica,
3661 2163 3867 2238 opera
3907 2140 4144 2239 igitur,

1117 2265 1190 2338 in
1239 2263 1499 2363 quibus
1540 2261 1853 2336 consulto
1896 2259 2286 2358 Scripturas
2330 2257 2910 2356 interpretantur,
2957 2256 3218 2331 nullam
3265 2265 3620 2332 merentur
3662 2258 4038 2335 fiduciam?

1218 2383 1295 2456 Si
1358 2391 1595 2456 autem
1659 2379 2069 2478 inspicimus
2127 2402 2334 2478 opera
2399 2377 2517 2453 illa
2576 2376 3007 2476 dogmatica,
3073 2375 3396 2466 moralia,
3463 2377 3838 2477 polemica,
3899 2380 4144 2454 videbi·

1120 2529 1279 2578 mus
1301 2561 1321 2592 ,
1385 2502 1484 2576 ibi
1528 2501 1811 2601 quidem
1862 2499 2207 2598 praeclara
2253 2497 2476 2572 multa
2522 2495 2841 2595 reperiri,
2911 2495 3034 2570 sed
3083 2494 3290 2570 etiam
3340 2495 3530 2571 haud
3575 2522 3836 2596 pauca,
3893 2525 4068 2598 quae
4107 2526 4146 2576 a

1119 2629 1352 2696 mente
1419 2620 1718 2709 Christi,
1793 2619 1899 2692 uti
1964 2626 2037 2692 et
2102 2643 2145 2692 a
2208 2642 2374 2693 sana
2432 2616 2731 2705 ratione,
2808 2639 3090 2714 prorsus
3158 2614 3381 2690 aliena
3443 2624 3610 2691 sunt
3659 2641 3978 2716 quaeque
4026 2621 4144 2694 mi·

1116 2741 1303 2816 nime
1362 2741 1717 2814 fluxerunt
1768 2764 1853 2814 ex
1911 2737 2191 2812 Christo
2244 2745 2457 2836 atque
2507 2736 2999 2836 Apostolorum
3053 2735 3365 2810 doctrina
3410 2735 3542 2810 rite
3587 2736 3972 2828 intellecta,
4031 2739 4144 2814 sed

1114 2861 1347 2961 potius
1391 2885 1475 2934 ex
1521 2858 1953 2958 philosophia
1996 2856 2496 2955 Neoplatonica
2539 2857 2648 2930 vel
2694 2855 2827 2930 alio
2869 2854 3168 2954 quodam
3214 2854 3405 2929 fonte
3453 2856 3797 2931 eiusmodi
3843 2859 4143 2957 impuro,
4199 2877 4205 2882 ·

1114 2979 1387 3055 etiamsi
1464 2978 1799 3054 nonnulla
1866 2978 2073 3053 effata
2147 2975 2410 3052 Christi
2481 2983 2552 3051 et
2629 2974 3120 3075 Apostolorum
3194 2973 3580 3075 allegentur
3599 3035 3620 3065 ‚
3697 2983 3782 3053 ut
3857 2979 4146 3078 speciem

1115 3097 1552 3172 Christianae
1614 3095 1963 3172 doctrinae
2018 3122 2183 3196 prae
2234 3120 2308 3171 se
2362 3094 2607 3169 ferant.
2712 3094 2953 3167 Unum
3018 3092 3148 3167 hoc
3199 3100 3474 3168 tantum
3529 3119 3909 3171 memorare
3962 3097 4145 3186 volo,

1112 3217 1483 3292 nonnullos
1526 3216 1816 3293 Patrum
1885 3242 1929 3291 a
1986 3216 2347 3315 coniugio,
2415 3222 2496 3289 ut
2545 3214 2644 3289 ait
2683 3237 3106 3301 wancmns,
3155 3212 3358 3311 plane
3403 3214 3661 3290 alienos
3710 3240 3903 3305 esse,
3951 3217 4146 3293 vehe-

1114 3348 1386 3411 menter
1456 3361 1537 3412 ac
1605 3359 2133 3434 nonnumquam
2197 3334 2524 3409 iniuriose
2588 3333 2918 3408 adversus
2986 3330 3162 3407 illud
3234 3336 3546 3432 pugnare
3567 3393 3589 3424 ,
3659 3334 3874 3411 vitam
3920 3346 4148 3412 autem

1114 3456 1447 3533 caelibem
1492 3482 1572 3531 ac
1620 3455 1989 3532 solitariam
2014 3512 2035 3544 ,
2085 3462 2492 3555 perpetuam
2537 3454 3000 3553 virginitatem
3048 3476 3128 3527 ac
3164 3452 3658 3529 continentiam
3701 3480 3976 3537 summo
4001 3466 4146 3531 stu·

1114 3576 1232 3652 dio
1286 3576 1788 3652 commendare.
1887 3577 2321 3651 Aunnosms
2393 3599 2453 3650 e.
2513 3600 2583 3674 g.
2647 3572 3167 3647 matrimonium
3225 3570 3370 3647 fere
3432 3572 3506 3647 in
3569 3574 3780 3648 rebus
3827 3574 4146 3675 turpibus

1113 3694 1539 3783 numeravit,
1598 3702 1671 3769 et
1718 3714 2231 3779 mnnonmus,
2282 3690 2406 3790 qui
2445 3714 2584 3765 non
2629 3690 2852 3764 solum
2887 3712 3022 3763 core
3065 3690 3474 3790 scriptisque
3498 3751 3520 3781 ,
3569 3692 3694 3767 sed
3737 3694 3944 3769 etiam
3992 3719 4146 3794 pro-

1114 3815 1265 3915 prio
1324 3811 1641 3917 exemplo
1697 3836 1939 3886 omnes
1982 3811 2074 3885 ad
2120 3810 2333 3885 vitam
2376 3809 2706 3886 caelibem
2751 3809 3109 3900 excitavit,
3177 3810 3550 3886 solitariam
3595 3814 3810 3889 vitam
3849 3815 4150 3914 appellat

1114 3933 1483 4033 perfectam
1511 3989 1532 4021 ,
1612 3956 1835 4030 quum
1919 3929 2042 4028 qui
2110 3929 2299 4004 illam
2378 3928 2880 4028 amplectantur
2951 3928 3135 4003 curis
3204 3954 3438 4005 rerum
3513 3932 3768 4007 saeculi
3835 3941 4148 4022 careant,

1112 4051 1609 4149 tranquillitate
1670 4049 1886 4125 animi
1931 4048 2289 4137 fruantur,
2358 4073 2538 4149 quae
2605 4048 2838 4123 divina
2883 4073 2962 4123 ac
3007 4048 3284 4123 celestia
3336 4058 3502 4125 sunt
3547 4060 3812 4127 attente
3863 4076 3946 4127 ac
3994 4052 4148 4127 dili·

1115 4180 1361 4271 genter
1394 4169 1949 4269 contemplentur
1968 4226 1989 4258 ,
2025 4168 2325 4267 denique
2363 4167 2656 4242 multam
2688 4192 2768 4241 ea
2796 4168 3172 4267 peragendi
3196 4168 3498 4245 habeant
3521 4171 4148 4269 opportunitatem,

1120 4312 1299 4389 quae
1350 4288 1440 4362 ad
1484 4288 1777 4363 salntem
1822 4287 2309 4386 sempiternam
2352 4287 2908 4385 consequendam
2953 4288 3319 4387 pertinent.
3435 4290 3628 4365 Talia
3674 4313 3838 4365 cum
3887 4289 4150 4365 Christi

1110 4407 1431 4483 ,doctrina
1493 4414 1703 4506 atque
1762 4407 2017 4505 agendi
2074 4408 2337 4481 ratione
2381 4406 2667 4481 minime
2707 4432 3120 4507 congruere,
3193 4407 3538 4483 Creatoris
3599 4409 3846 4483 mundi
3898 4434 4148 4509 propo·

1115 4526 1253 4603 sito
1297 4524 1633 4601 contraria
1679 4549 1867 4613 esse,
1914 4532 2200 4602 naturae
2243 4526 2432 4625 leges
2471 4524 2784 4624 frangere
2807 4584 2828 4613 ,
2877 4536 2992 4614 et,
3043 4526 3102 4600 si
3141 4550 3380 4603 omnes
3421 4527 3804 4604 secundum
3829 4552 3912 4603 ea
3933 4528 4148 4603 vitam

1110 4646 1594 4734 instituerent,
1636 4644 1979 4721 societatis
2008 4628 2363 4721 'humanae
2400 4644 2809 4744 generisque
2850 4646 3022 4723 adeo
3061 4646 3350 4723 humani
3384 4648 3738 4723 interitum
3783 4646 4146 4737 effectura,

1110 4766 1273 4867 solis
1318 4767 1473 4842 luce
1518 4763 1767 4841 clarius
1816 4762 2109 4843 videtur.
