4728 5991
1045 567 1130 634 16
2239 573 2306 639 P.
2394 575 2913 640 1..RYKE

1044 773 1328 849 effatum
1385 781 1618 850 tamen
1675 776 1779 852 vel
1831 777 1903 852 in
1955 779 2252 880 politicis
2302 778 2491 855 haud
2540 779 2680 855 scio
2724 804 2815 856 an
2864 778 3031 856 satis
3080 779 3325 856 valeat.
3416 781 3504 856 In
3554 779 3861 880 physicis
3906 793 4091 856 certe

1042 893 1235 968 nullo
1283 902 1592 996 tempore
1643 905 1787 972 tam
1837 898 2060 974 multa
2112 900 2382 976 detecta
2432 909 2596 975 sunt
2643 900 2715 974 in
2767 922 3135 998 veramque
3173 899 3397 974 lucem
3444 907 3789 1000 protracta
3810 957 3832 991 ,
3881 923 4093 997 quam

1044 1039 1126 1090 eo
1203 1016 1394 1114 quod
1464 1024 1740 1117 tempus
1805 1019 2228 1096 transitionis
2293 1020 2623 1120 appellari
2689 1021 2883 1096 solet.
2983 1017 3409 1094 Meministis
3482 1018 3789 1120 profecto
3851 1042 4093 1095 omnes

1043 1136 1342 1235 opticam
1365 1195 1384 1225 ,
1455 1136 1528 1212 in
1599 1138 1822 1238 prima
1887 1139 2096 1216 huius
2145 1141 2359 1216 seculi
2409 1149 2604 1240 parte
2625 1200 2646 1231 ‚
2714 1164 3043 1241 magnam
3096 1137 3392 1214 subiisse
3436 1138 4051 1216 commutationem
4070 1198 4092 1229 ‚

1049 1279 1266 1356 quae,
1320 1280 1481 1330 cum
1522 1281 1647 1356 per
1687 1265 1970 1334 centum
2016 1259 2158 1334 fere
2202 1281 2421 1335 annos
2466 1265 2769 1358 systema
2807 1254 3349 1332 Newtonianum
3384 1256 3758 1357 viguisset,
3810 1257 4093 1333 tandem

1051 1375 1547 1452 demonstravit
1593 1376 1927 1453 theoriam
1979 1403 2188 1476 quam
2219 1401 2591 1454 necamus
2642 1384 2909 1453 nostras
2952 1374 3323 1452 docuisset.
3423 1376 3583 1452 Hoc
3618 1377 3837 1478 igitur
3870 1385 4091 1452 trans-

1046 1494 1281 1570 itionis
1353 1503 1630 1594 tempus
1698 1522 1906 1596 quam
1973 1497 2162 1572 ferax
2207 1496 2281 1570 in
2333 1497 2461 1572 hac
2510 1503 2706 1598 parte
2759 1496 3074 1596 physices
3114 1495 3249 1570 fuit
3300 1495 3820 1573 inventionum!
3900 1498 4093 1577 Qua·

1045 1640 1202 1690 rum
1250 1639 1462 1716 quam
1513 1616 1757 1690 ceteris
1797 1617 2368 1716 praestantiorem
2422 1614 2675 1690 dixeris
2714 1615 2963 1691 merito
3003 1615 3279 1691 videtur
3324 1615 3816 1692 dubitandum.
3884 1617 4094 1693 Nunc

1049 1745 1286 1810 autem
1345 1744 1771 1835 quantopere
1843 1736 2131 1838 languet
2195 1761 2277 1811 ea
2358 1760 2517 1835 pars
2587 1735 2941 1834 physices!
3020 1735 3179 1811 Hoc
3226 1745 3464 1812 autem
3515 1737 3627 1811 vix
3688 1736 3888 1812 aliter
3946 1736 4095 1811 fieri

1052 1855 1360 1955 potuisse
1436 1855 1729 1930 videtur.
1858 1857 1929 1930 N
1935 1882 2070 1932 une
2137 1857 2322 1932 enim
2398 1879 2639 1930 omnes
2707 1855 2977 1955 physici
3036 1857 3478 1932 consentiunt
3538 1856 3615 1931 in
3690 1855 4097 1957 explicanda

1051 1983 1300 2050 natura
1366 1975 1576 2065 lucis;
1649 2003 1862 2076 quam
1924 2001 2144 2076 quum
2195 2001 2402 2052 nemo
2454 1999 2593 2050 non
2650 1975 2785 2050 sibi
2839 1974 3153 2051 videatur
3203 1977 3477 2053 novisse
3522 1977 3916 2054 cuiusmodi
3964 1976 4094 2068 sit,

1051 2119 1330 2170 omnem
1397 2119 1708 2194 pugnam
1778 2096 1984 2196 plane
2043 2096 2326 2171 desiisse
2374 2095 2710 2170 videmus.
2811 2094 3026 2172 Quod
3070 2102 3302 2171 tamen
3340 2121 3480 2172 non
3528 2097 3627 2172 ita
3668 2096 4098 2173 intellectum

1053 2215 1258 2290 velim
1278 2273 1300 2303 ‚
1367 2216 1567 2314 quasi
1633 2215 1970 2292 exhausta
2049 2216 2141 2290 sit
2211 2217 2348 2292 ista
2416 2215 2742 2303 materia3
2810 2214 2883 2288 in
2934 2239 3075 2315 qua
3120 2239 3331 2313 quam
3382 2216 3606 2293 multa
3652 2215 3865 2292 etiam
3912 2239 4097 2291 nunc

1049 2343 1312 2410 restent
1377 2335 1798 2412 addiscenda
1842 2336 2227 2412 docuerunt
2272 2359 2545 2411 sroxns
2570 2393 2591 2425 ,
2660 2357 2949 2410 aunem«
2976 2391 2997 2422 ‚
3048 2357 3516 2424 xracnnorr,
3572 2335 3709 2412 alii.
3809 2337 4096 2412 Deside-

1049 2464 1243 2530 ratur
1305 2463 1538 2530 autem
1603 2455 1778 2530 illud
1850 2457 2080 2533 nescio
2151 2456 2326 2556 quid
2395 2479 2536 2556 quo
2606 2460 3014 2530 cunctorum
3066 2454 3281 2529 animi
3336 2455 3724 2531 excitentur
3774 2464 3848 2532 et
3901 2455 4101 2555 quasi

1049 2584 1646 2665 commoveantur3
1722 2576 2155 2652 desideratur
2227 2574 2468 2651 abdita
2533 2574 2652 2648 illa
2715 2573 2819 2648 vis
2839 2631 2860 2662 ‚
2938 2597 3119 2672 quae
3190 2573 3741 2675 uniuscuiusque
3794 2581 4101 2649 mentem

1048 2695 1295 2772 reddat
1365 2695 1659 2772 feracem
1733 2696 2082 2796 simulque
2159 2696 2405 2771 doceat
2472 2693 2548 2768 in
2624 2692 2915 2769 aliorum
2990 2692 3197 2769 effata
3264 2701 3622 2794 penetrare
3710 2695 3787 2770 in
3876 2694 4100 2792 iisque

1050 2815 1412 2891 thesauros
1474 2816 1798 2915 detegere
1822 2874 1843 2904 ,
1893 2841 2070 2915 quos
2125 2815 2276 2914 ipse
2297 2873 2318 2903 ‚
2382 2839 2425 2888 a
2470 2837 2613 2912 quo
2660 2811 2967 2913 profecta
3016 2821 3182 2888 sunt
3200 2871 3221 2902 ‚
3286 2837 3377 2890 ne
3434 2813 3769 2914 suspicari
3815 2813 4099 2913 quidem

1053 2934 1379 3037 potuerit.

1157 3056 1361 3133 Quae
1417 3061 1654 3130 autem
1706 3054 1992 3131 ineunte
2053 3054 2183 3129 hoc
2230 3053 2467 3130 seculo
2510 3054 2873 3129 observata
2918 3061 3082 3128 sunt
3134 3053 3206 3129 in
3260 3054 3554 3153 Optica,
3623 3054 3867 3129 eadem
3915 3076 4101 3129 nunc

1053 3173 1198 3250 fere
1263 3181 1674 3275 repetuntur
1746 3174 1818 3250 in
1884 3183 2257 3274 systemate
2328 3174 2594 3251 Caloris
2654 3181 2729 3249 et
2774 3174 3279 3250 ElectricitatiS.
3380 3174 3755 3249 Neminem
3795 3180 4097 3250 vestrum
4211 3166 4217 3171 ’

1053 3318 1300 3370 censeo
1342 3303 1486 3369 tam
1531 3295 1854 3395 ignarum
1897 3319 2048 3371 esse
2092 3320 2327 3372 rerum
2369 3296 2809 3397 physicarum
2830 3352 2851 3384 ,
2893 3293 3065 3394 quin
3105 3293 3449 3395 intelligat
3494 3294 3668 3394 quid
3712 3293 3847 3369 sibi
3892 3292 4102 3368 velint

1055 3414 1341 3490 nomina
1402 3416 1703 3492 fluidum
1763 3415 2130 3491 caloricum
2185 3423 2256 3491 et
2328 3415 2625 3490 fluidum
2689 3414 3108 3490 electricum.
3228 3415 3305 3489 Si
3372 3415 3531 3514 quis
3596 3413 3781 3489 enim
3802 3471 3824 3503 ,
3900 3414 4099 3489 vehe-

1059 3534 1324 3610 mentia
1365 3534 1638 3635 frigoris
1682 3541 2036 3635 correptus
2060 3592 2080 3623 ,
2129 3535 2220 3610 ad
2263 3534 2493 3610 focum
2538 3535 2895 3610 accesserit
2938 3533 3331 3610 laetissimis
3376 3534 3659 3636 ignibus
3702 3534 4057 3609 ardentem
4078 3590 4099 3622 ,

1061 3661 1133 3729 et
1177 3676 1338 3729 mox
1389 3654 1679 3729 senserit
1718 3652 2032 3729 membra
2079 3679 2208 3729 sua
2259 3678 2441 3753 quae
2485 3652 2628 3728 fere
2668 3661 2942 3730 mortua
2985 3652 3382 3729 viderentur
3401 3712 3422 3743 ,
3466 3654 3667 3753 quasi
3706 3652 4101 3729 reviviscere

1061 3781 1132 3849 et
1181 3760 1682 3850 iucundissime
1731 3774 1948 3863 affici,
1992 3773 2132 3849 iam
2177 3797 2384 3849 nemo
2421 3772 2812 3861 dubitabit,
2862 3772 3033 3873 quin
3074 3771 3264 3847 illius
3298 3772 3863 3849 commutationis
3898 3796 4102 3849 causa

1059 3893 1433 3970 tribuenda
1497 3896 1588 3969 sit
1645 3894 1865 3969 fluido
1933 3893 2240 3969 calorico.
2341 3893 2595 3993 Neque
2647 3891 2776 3968 hoc
2825 3893 3051 3993 magis
3093 3900 3339 3968 notum
3390 3900 3497 3967 est
3540 3916 3752 3992 quam
3806 3894 4102 3969 alterum

1058 4012 1236 4089 illud
1296 4013 1596 4089 fluidum
1654 4013 2071 4089 electricum.
2171 4014 2407 4114 Roges
2452 4012 2663 4089 modo
2701 4036 3191 4113 quemcunque
3232 4010 3363 4087 tibi
3411 4010 3719 4102 licuerit,
3770 4012 3896 4113 qui
3944 4014 4100 4102 fiat,

1065 4140 1184 4222 ut,
1252 4133 1310 4206 si
1353 4132 1467 4207 hic
1525 4133 1870 4232 deprimas
1923 4132 2328 4208 umbilicum
2352 4190 2374 4222 ,
2424 4131 2755 4208 continuo
2805 4138 3075 4207 motum
3126 4131 3383 4207 excites
3433 4130 3507 4205 in
3552 4140 3929 4232 apparatu,
3980 4128 4105 4229 qui

1067 4250 1408 4327 sexcentis
1473 4250 1659 4327 horis
1730 4252 1981 4329 abhinc
2047 4252 2316 4354 positus
2377 4260 2486 4329 est
2505 4312 2527 4343 ‚
2588 4276 2795 4329 nemo
2842 4276 2980 4328 non
3035 4250 3481 4352 respondebit
3526 4251 3940 4328 umbilicum
3992 4250 4105 4327 hic

1069 4371 1472 4471 depressum
1523 4370 1830 4447 emisisse
1878 4379 2136 4448 certam
2178 4372 2530 4471 quandam
2577 4373 3039 4472 quantitatem
3083 4372 3285 4447 fluidi
3330 4370 3628 4447 electrici
3647 4430 3668 4462 ,
3716 4372 3908 4471 quod
3960 4371 4106 4447 vim

1070 4514 1268 4565 suam
1334 4499 1646 4566 exerceat
1714 4490 1786 4567 in
1857 4499 2266 4593 apparatum
2328 4500 2669 4593 quantum
2679 4493 2777 4567 vis
2826 4493 3031 4595 longe
3079 4492 3477 4571 distantem.
3577 4493 3909 4568 Attamen
3949 4490 4105 4567 flui-

1070 4611 1239 4687 dum
1311 4610 1679 4687 caloricum
1700 4672 1721 4702 ‚
1792 4638 1919 4689 nec
1993 4612 2225 4687 minus
2245 4670 2266 4701 ‚
2339 4612 2401 4687 si
2468 4611 2639 4712 quid
2705 4612 2905 4688 video
2927 4671 2948 4702 ‚
3022 4612 3233 4688 etiam
3304 4610 3604 4687 fluidum
3670 4611 4063 4688 electricum
4083 4666 4105 4700 ,

1065 4728 1257 4805 brevi
1327 4730 1615 4807 fortasse
1663 4756 1883 4831 aeque
1945 4758 2026 4809 ac
2081 4731 2373 4809 vortices
2426 4754 2763 4808 canrnsu
2810 4740 2881 4808 et
2927 4732 3317 4834 phlogiston
3365 4754 3665 4807 sunna
3686 4788 3707 4823 ,
3766 4756 3905 4809 non
3962 4754 4109 4808 ma·
