4728 5991
1021 587 1108 651 42
2087 584 2165 649 G.
2236 582 2315 651 G.
2389 581 2996 651 PLUYGERS.

1019 792 1235 869 animi
1297 794 1531 870 dolore
1589 793 2068 895 indignantur.
2169 792 2343 868 Aevi
2412 792 2603 866 enim
2662 791 2830 867 vitio
2877 790 3201 865 effectum
3255 816 3406 867 esse
3458 791 3781 867 utilitatis
3838 792 4072 891 potius

1018 939 1232 1015 quam
1297 916 1577 990 virtutis
1643 922 1715 989 et
1779 911 2231 989 humanitatis
2293 910 2528 985 fructu
2597 910 2831 985 omnia
2890 911 3321 985 aestimantis
3341 969 3362 1001 ,
3442 900 3553 986 ut'
3592 911 4071 988 firmissimum

1020 1036 1406 1111 litterarum
1473 1033 1936 1136 praesidium,
2002 1030 2322 1107 iuvenilis
2372 1031 2721 1108 institutio
2768 1032 2841 1105 in
2888 1031 3337 1130 antiquarum
3388 1030 3792 1130 linguarum
3840 1032 4073 1108 studio

1016 1156 1282 1257 posita,
1351 1152 1772 1230 convellatur
1829 1151 1973 1229 iam
2039 1178 2120 1228 ac
2184 1152 2546 1229 deiiciatur
2562 1187 2581 1241 3
2652 1152 2843 1252 quod
2902 1151 3091 1227 enim
3142 1152 3280 1251 ipsi
3328 1152 3401 1228 in
3456 1152 3544 1227 iis
3601 1152 3763 1227 solis
3814 1152 4073 1252 linguis

1018 1275 1367 1351 discendis
1433 1298 1681 1375 operae
1752 1272 2224 1374 temporisque
2293 1272 2877 1361 consumsissent,
2951 1272 3026 1346 id
3100 1295 3287 1347 nunc
3365 1272 3465 1347 ita
3539 1272 3612 1346 in
3691 1271 4069 1347 multarum

1012 1420 1246 1473 rerum
1297 1422 1378 1472 ac
1429 1396 1823 1495 linguarum
1873 1394 2078 1469 utiles
2127 1394 2386 1470 scilicet
2434 1393 2963 1493 fructuosasque
3008 1392 3409 1492 disciplinas
3458 1391 3749 1467 distrahi
3802 1418 3883 1468 ac
3931 1391 4069 1467 dis·

1013 1517 1221 1617 sipari
1244 1576 1264 1608 ,
1333 1524 1415 1590 ut
1467 1515 1788 1592 iuvenilis
1831 1514 2112 1591 animus
2161 1513 2305 1590 iam
2357 1537 2587 1613 neque
2630 1512 2969 1588 consistat
3008 1536 3238 1611 neque
3280 1511 3501 1612 possit
3546 1512 3641 1588 ad
3687 1513 4069 1613 percipien-

1013 1636 1176 1715 dam
1245 1635 1692 1736 antiquorum
1764 1633 2176 1734 scriptorum
2233 1632 2741 1733 ¹praestantiam
2782 1633 3176 1733 pervenire;
3231 1640 3495 1708 metum
3553 1632 3728 1709 adeo
3777 1657 3927 1707 esse
3982 1658 4069 1709 ne

1009 1757 1529 1857 ingravescente
1565 1756 1642 1831 in
1688 1756 1838 1830 dies
1883 1754 2069 1831 malo
2123 1754 2222 1829 ita
2271 1754 2530 1830 iudicia
2578 1754 3041 1853 depraventur
3060 1811 3081 1842 ,
3135 1762 3215 1828 ut
3260 1753 3547 1829 tandem
3602 1752 4067 1828 illustrissima

1010 1876 1448 1976 antiquitatis
1512 1883 1962 1951 monumenta
2025 1875 2117 1951 ad
2174 1873 2451 1974 insigne
2516 1874 2789 1974 generis
2845 1873 3135 1948 humani
3182 1874 3680 1949 detrimentum
3735 1882 4070 1973 perpetua

1010 1996 1352 2073 oblivione
1402 2004 1616 2095 atque
1669 1996 1947 2071 silentio
1996 1995 2406 2083 obruantur,

1110 2117 1258 2192 Alii
1327 2125 1565 2193 contra
1633 2158 1738 2177 —-
1799 2115 1990 2216 quod
2053 2141 2278 2216 genus
2329 2114 2694 2191 hominum
2752 2115 2894 2190 fere
2954 2122 3272 2190 exortum
3328 2122 3474 2205 est,
3522 2140 3609 2191 ex
3659 2139 3799 2215 quo
3851 2112 4062 2214 pluri·

1011 2260 1286 2312 morum
1349 2236 1653 2314 sollertia
1719 2237 1850 2313 hac
1917 2242 2152 2312 nostra
2217 2244 2290 2311 et
2353 2241 2634 2335 patrum
2702 2235 3035 2310 memoria
3106 2260 3338 2310 rerum
3402 2242 3725 2312 naturam
3780 2234 4069 2309 feliciter

1008 2364 1437 2456 perscrutata
1509 2382 1689 2458 quae
1750 2364 1952 2433 acute
2017 2356 2395 2431 invenisset
2460 2379 2600 2430 non
2650 2355 2887 2430 minus
2934 2354 3295 2456 ingeniose
3344 2356 3437 2431 ad
3488 2355 3847 2455 augendas
3906 2378 4067 2429 cum

1005 2472 1322 2575 publicas
1365 2500 1532 2575 opes
1577 2483 1731 2550 tum
1779 2473 2082 2575 privatas
2127 2472 2429 2549 contulit
2478 2471 2711 2573 adque
2760 2472 2975 2549 vitam
3032 2474 3293 2551 lautam
3340 2476 3619 2551 beatam
3677 2474 4065 2574 elegantem

1005 2595 1452 2671 excolendam
1520 2595 2065 2699 accommodavit
2139 2614 2241 2653 ·—-
2305 2618 2395 2669 ex
2467 2617 2551 2669 eo
2616 2593 2781 2669 inde
2845 2594 3062 2695 igitur
3127 2603 3442 2696 tempore
3500 2602 3891 2696 queruntur
3949 2594 4068 2670 alii

1003 2715 1378 2792 iuvenilem
1419 2723 1722 2792 aetatem
1742 2774 1763 2805 ,
1815 2714 1906 2790 ad
1949 2712 2471 2814 adipiscendam
2508 2739 2751 2791 earum
2784 2739 3021 2791 rernm
3062 2716 3424 2792 scientiam
3465 2714 3727 2816 quibus
3764 2713 4063 2789 instruc·

1011 2843 1130 2912 tus
1191 2836 1406 2911 vitam
1467 2835 1626 2935 quis
1679 2842 1920 2935 postea
1971 2858 2135 2909 cum
2189 2834 2425 2909 fructu
2478 2834 2845 2934 dignitatis
2899 2843 2972 2911 et
3019 2862 3231 2936 opum
3285 2836 3504 2937 possit
3558 2836 3809 2935 degere
3867 2834 4068 2909 unice

1001 2954 1392 3058 appositam
1413 3014 1433 3046 ,
1501 2956 1576 3030 in
1643 2954 1908 3055 linguis
1981 2953 2409 3055 quibusdam
2482 2954 2831 3031 discendis
2900 2956 3265 3058 profundi,
3336 2980 3633 3058 quarum
3681 2954 3929 3057 peritia
3976 2954 4069 3032 ad

1001 3075 1369 3152 hominum
1435 3073 1860 3174 quibuscum
1929 3100 2071 3152 una
2134 3075 2435 3151 vivimus
2499 3077 3077 3154 consociationem
3139 3078 3429 3153 minime
3496 3076 3885 3153 necessaria
3936 3076 4063 3165 sit,

1004 3196 1130 3272 sed
1193 3195 1398 3271 unice
1461 3195 1556 3272 ad
1621 3195 1968 3272 eiusmodi
2039 3195 2455 3297 scriptorum
2520 3197 3055 3300 intelligentiam
3112 3198 3457 3276 conducat
3518 3198 3595 3274 in
3658 3195 3919 3297 quibus
3934 3254 3955 3286 ,
4006 3195 4067 3272 si

1003 3317 1148 3393 ulle
1213 3315 1498 3393 omnino
1517 3374 1540 3406 ,
1611 3315 1848 3392 tenuis
1899 3323 2083 3393 certe
2137 3316 2682 3417 imperfecteque
2722 3342 2957 3394 rerum
3006 3317 3295 3395 scientia
3343 3323 3671 3418 appareat
3696 3308 4065 3416 ‘hodieque

1001 3439 1210 3538 longe
1271 3443 1621 3537 superata.
1725 3435 2056 3536 Namque
2117 3443 2436 3512 veterum
2488 3437 2743 3538 scripta
2792 3438 2882 3514 de
2933 3440 3203 3515 mundo
3248 3448 3323 3514 et
3372 3438 3461 3514 de
3512 3438 3680 3515 orbe
3727 3444 4061 3512 terrarum

1005 3559 1235 3659 deque
1286 3557 1605 3634 universa
1645 3566 1936 3634 naturae
1985 3557 2054 3632 vi
2087 3564 2235 3634 tam
2277 3557 2453 3634 mira
2494 3566 2901 3636 commenta
2936 3559 3241 3649 tradere,
3292 3566 3375 3634 ut
3406 3582 3497 3634 ne
3534 3556 3744 3634 falsas
3778 3557 4063 3656 quidem

1005 3686 1132 3756 aut
1195 3678 1494 3756 incertas
1559 3701 1890 3754 sanorum
1947 3678 2316 3754 hominum
2380 3679 2778 3778 opiniones,
2851 3680 2975 3756 sed
3034 3703 3401 3782 aegrorum
3425 3678 3599 3757 .visa
3660 3685 3735 3752 et
3794 3676 4065 3752 somnia

1007 3799 1258 3876 referre
1327 3797 1728 3874 videantur:
1807 3797 2030 3874 multa
2101 3816 2268 3873 sane
2331 3797 2422 3874 iis
2490 3799 2829 3876 contineri
2882 3800 2973 3876 ad
3040 3801 3249 3876 vitam
3314 3807 3500 3876 recte
3560 3795 4061 3872 instituendam

1009 3919 1241 4018 adque
1297 3917 1612 3994 civitates
1679 3917 1860 3994 bene
1927 3917 2348 3995 ordinandas
2419 3919 2799 4018 prudenter
2868 3920 3259 4020 excogitata
3276 3978 3299 4010 ,
3366 3919 3493 3996 sed
3549 3940 3777 4016 neque
3834 3941 3917 3990 ea
3970 3913 4063 3990 ad

1011 4046 1320 4114 nostram
1384 4038 1596 4114 vitam
1669 4045 1798 4113 aut
1852 4036 1947 4113 ad
2007 4045 2316 4114 nostram
2388 4063 2539 4114 rem
2610 4039 2964 4140 publicam
3014 4040 3168 4116 sine
3219 4040 3416 4141 gravi
3438 4035 3775 4136 ‘omnium
3826 4059 4061 4110 rerum

1013 4157 1534 4258 perturbatione
1597 4157 2074 4234 transferenda
2089 4191 2110 4248 ;
2173 4166 2300 4235 aut
2361 4160 2423 4234 si
2486 4159 2753 4236 nullam
2798 4160 3253 4236 necessariam
3304 4158 3677 4235 utilitatem
3728 4153 4019 4232 afferant
4037 4211 4060 4243 ,

1013 4279 1142 4354 sed
1201 4277 1420 4354 animi
1477 4277 1768 4354 liberam
1837 4277 2216 4378 quamdam
2289 4287 2362 4355 et
2424 4279 2787 4356 honestam
2840 4280 3371 4357 oblectationem
3393 4337 3416 4369 ,
3478 4301 3635 4354 eam
3680 4284 3865 4352 certe
3914 4275 4063 4374 peti

1017 4421 1222 4500 posse
1285 4423 1373 4474 ex
1421 4397 1695 4498 scriptis
1737 4422 1980 4474 eorum
2027 4398 2393 4484 hominum
2440 4399 2817 4478 metandis
2835 4458 2856 4490 ,
2906 4399 3034 4500 qui
3080 4397 3338 4500 linguis
3386 4407 3673 4475 utantur
3690 4455 3711 4486 ,
3760 4419 4057 4496 quarum

1017 4518 1306 4596 scientia
1353 4519 1572 4619 possit
1611 4519 1706 4595 ad
1751 4519 2122 4596 hodiernae
2169 4520 2350 4596 vitae
2394 4545 2603 4596 usum
2652 4519 2984 4610 conferri3
3032 4519 3270 4621 itaque
3309 4543 3448 4595 non
3488 4515 3790 4618 amplius
3836 4515 4059 4592 feren-

1015 4639 1190 4716 dum
1251 4663 1438 4730 esse,
1503 4647 1576 4716 et
1635 4664 1800 4718 mox
1857 4639 2004 4716 fore
2049 4649 2132 4716 ut
2172 4663 2264 4716 ne
2308 4639 2611 4740 amplius
2660 4639 2956 4730 feratur,
3028 4647 3106 4716 ut
3148 4638 3530 4716 iuventutis
3574 4637 3923 4712 institutio
3964 4636 4058 4714 ad

1013 4783 1396 4860 paucorum
1458 4759 1885 4838 voluntatem
1947 4755 2267 4860 regatur,
2339 4759 2759 4838 desidiosam
2828 4759 3205 4860 quamdam
3273 4765 3583 4836 veterum
3646 4757 4056 4857 scriptorum
