4728 5991
1793 598 2350 667 ORATIO.
3459 601 3589 670 113

639 811 964 910 Longum
1017 808 1146 896 sit,
1201 807 1574 882 Auditores
1594 865 1615 895 ,
1667 831 1908 882 omnes
1959 831 2311 882 recensere
2331 865 2352 895 ,
2412 806 2536 906 qui
2590 805 2699 882 vel
2742 805 2855 882 hic
2887 807 2993 881 vel
3031 806 3199 882 alibi
3244 807 3333 882 de
3369 807 3595 908 patria

546 928 888 1004 medicina
946 927 1126 1002 bene
1187 925 1416 1001 meriti
1465 935 1670 1016 sunt,
1718 927 2087 1002 infinitum.
2123 926 2298 1002 adeo
2319 986 2338 1014 ,
2397 926 2569 1026 quid
2620 925 2880 1026 singuli
2925 927 3433 1025 praestiterint,
3483 929 3591 1003 in-

544 1049 792 1124 dicare.
895 1047 1110 1128 Quod
1167 1054 1474 1122 ceterum
1540 1071 1702 1121 cum
1775 1046 2120 1135 historici,
2192 1071 2329 1121 non
2382 1045 2670 1122 oratoris
2730 1045 2821 1120 sit
2840 1104 2861 1133 ‚
2924 1046 3269 1144 attingam
3314 1054 3593 1122 tantum

548 1169 887 1269 quosdam
933 1193 972 1242 e
1025 1165 1432 1267 praecipuis,
1533 1167 1784 1265 Itaque
1831 1189 2264 1241 wmssmuu
2310 1167 2413 1260 ²8)
2481 1164 2954 1253 recordemur,
3030 1189 3249 1240 PETRI
3321 1190 3595 1241 rsawn

545 1287 961 1386 discipulum
982 1344 1004 1374 ,
1073 1287 1145 1360 in
1208 1283 1587 1359 Academia
1648 1285 2180 1383 Franequerana
2244 1284 2701 1383 professorem
2772 1283 3131 1383 egregium
3154 1343 3175 1374 ,
3254 1308 3597 1359 summm

542 1406 970 1483 celeberrimi
1014 1403 1426 1504 magistrum
1475 1403 1943 1501 praeclarum3
1996 1409 2453 1480 nnusmmim
2478 1462 2499 1492 ,
2551 1405 2651 1494 2⁹)
2704 1403 2777 1477 in
2820 1404 3067 1478 litteris
3092 1463 3113 1494 ,
3163 1405 3373 1480 etiam
3420 1405 3593 1480 Ara-

543 1528 758 1616 bicis,
829 1551 972 1600 non
1035 1525 1276 1600 minus
1335 1547 1548 1620 quam
1614 1523 1687 1597 in
1749 1530 1896 1598 arte
1945 1522 2228 1598 salutari
2271 1530 2660 1612 versatum,
2716 1522 2841 1620 qui
2890 1524 3197 1624 primum
3245 1524 3593 1600 Hardero-

547 1648 716 1736 vici,
788 1646 1040 1720 deinde
1105 1643 1502 1741 Groningae
1573 1642 1985 1716 medicinam
2040 1667 2254 1741 quam
2297 1643 2562 1740 optime
2607 1641 2847 1716 docuit
2892 1643 3273 1742 multisque
3323 1643 3595 1743 scriptis

543 1763 946 1850 illustravit3
1020 1783 1512 1836 srarfflaarros
1578 1784 1624 1832 A
1687 1783 1957 1834 wmmo
1979 1818 2000 1848 ,
2051 1760 2150 1853 30)
2207 1760 2513 1836 medicos
2564 1761 2939 1860 Haganos,
2989 1787 3152 1836 cum
3201 1763 3369 1838 artis
3421 1788 3594 1851 usu,

549 1892 700 1959 tum
747 1889 1103 1958 anatomes
1123 1937 1143 1969 ,
1207 1879 1418 1954 etiam
1469 1879 1984 1978 pathologicae,
2046 1879 2280 1954 studio
2333 1905 2473 1954 non
2524 1879 2813 1980 exiguas
2857 1880 3100 1956 laudes
3150 1890 3556 1957 consecutos
3573 1913 3594 1969 3

547 2026 956 2080 cumanum
1018 2022 1341 2075 nusum
1405 1999 1503 2092 31)
1579 2022 2160 2098 summumque
2221 2022 2721 2075 summanum
2785 2001 2886 2093 33)
2950 2001 3253 2077 celebres
3316 2003 3596 2076 Amste·

547 2122 1053 2198 lodamensium
1101 2117 1406 2193 medicos
1449 2118 1870 2217 msdemque
1913 2119 2274 2217 scriptores
2326 2118 2749 2217 praeclaros;
2802 2142 3138 2196 loammn
3192 2143 3597 2194 snvnaovl-

548 2267 730 2318 clun
752 2302 772 2331 ,
821 2244 922 2332 33)
999 2263 1136 2340 quo
1212 2236 1636 2312 Dordraceni
1700 2236 2124 2333 gloriantur,
2197 2237 2422 2311 virum
2486 2236 2909 2325 litteratum,
2978 2238 3145 2313 artis
3208 2239 3600 2314 salutiferae

547 2363 1046 2465 peritissimum
1067 2418 1086 2449 ,
1131 2359 1332 2434 cuius
1371 2381 1580 2456 opera
1613 2379 1777 2430 cum
1817 2354 2264 2453 aequalibus,
2307 2362 2465 2429 tum
2500 2355 2792 2454 posteris
2831 2356 3133 2436 multum
3168 2359 3597 2456 profuerunt.

546 2485 646 2558 At
683 2506 992 2558 ruamus
1022 2480 1122 2571 34)
1171 2478 1380 2552 etiam
1425 2474 1813 2550 laudandus
1841 2483 1986 2562 est,
2028 2481 2108 2547 ut
2141 2473 2471 2562 aliorum,
2502 2475 2600 2548 ita
2634 2495 2949 2547 nnuamr
2984 2499 3261 2573 quoque
3294 2476 3596 2575 discipu-

546 2604 658 2678 lus
682 2660 701 2691 ,
748 2602 823 2674 in
869 2597 1274 2696 metropoli,
1309 2620 1462 2671 raro
1491 2594 1774 2693 quidem
1805 2592 2120 2691 exemplo
2143 2650 2164 2682 ,
2197 2592 2442 2668 consul
2466 2593 2898 2668 anatomicus
2931 2593 3259 2692 idemque
3289 2596 3601 2670 medicus

543 2718 1073 2807 callidissimus;
1136 2739 1530 2791 nummus
1581 2715 1679 2806 ³⁵)
1739 2720 1812 2788 et
1871 2735 2522 2802 anunnovnsnms,
2571 2713 2670 2806 ³⁰)
2722 2711 3104 2788 litterarum
3170 2739 3308 2789 non
3364 2714 3599 2788 minus

549 2864 764 2940 quam
827 2835 1212 2912 medicinae
1272 2835 1516 2934 periti,
1585 2832 1794 2908 ambo
1845 2833 2208 2932 scriptores
2253 2832 2549 2922 eruditi,
2601 2856 2899 2930 quorum
2948 2832 3063 2906 hic
3104 2832 3601 2908 Harderovice-

550 2985 710 3036 nam
732 3018 754 3049 ,
829 2957 946 3032 ille
1024 2981 1182 3031 vero
1255 2955 1560 3055 primum
1629 2955 2234 3053 Franequeranam
2256 3012 2278 3043 ,
2349 2952 2602 3029 deinde
2672 2950 3089 3027 Leidensem
3152 2953 3605 3031 Academiam

553 3077 830 3177 egregie
866 3074 1169 3163 ornavit3
1221 3097 1540 3149 Mooruus
1584 3073 1684 3163 37)
1729 3072 1944 3159 item,
1986 3072 2074 3147 de
2114 3070 2379 3147 cerebri
2420 3072 2679 3147 morbis
2725 3072 2990 3171 optime
3018 3073 3349 3163 meritus,
3391 3075 3603 3148 trium

555 3198 818 3298 patriae
885 3205 1162 3270 nostrae
1234 3192 1763 3268 universitatum
1831 3192 2157 3269 alumnus
2176 3251 2196 3280 ,
2265 3191 2391 3290 qui
2441 3198 2593 3267 tum
2638 3192 3037 3291 Groningae
3057 3252 3078 3282 ,
3128 3200 3285 3269 tum
3330 3194 3603 3269 Harde-

555 3318 763 3393 rovici
833 3338 1090 3415 magno
1157 3338 1319 3388 cum
1383 3313 1725 3411 applausu
1799 3312 2210 3386 medicinam
2285 3311 2542 3387 docuit.
2642 3313 2795 3386 Nec
2850 3337 3015 3387 sane
3068 3337 3450 3390 vannanus
3500 3314 3599 3407 38)

559 3446 630 3512 et
693 3458 1114 3511 Lausnnnus
1157 3435 1256 3528 ⁸⁰)
1333 3432 1930 3533 praetermittendi
1995 3437 2198 3520 sunt3
2269 3456 2397 3505 nec
2468 3455 2924 3508 semem-ms
2981 3434 3079 3526 ⁴⁰)
3138 3443 3211 3509 et
3264 3456 3605 3510 waermu-

561 3580 952 3642 noarrrus,
1002 3555 1100 3645 ⁴¹)
1140 3578 1268 3628 nec
1301 3574 1864 3627 LUOHTMANSIUS
1909 3552 2006 3642 ⁴²)
2049 3559 2120 3626 et
2162 3573 2571 3639 NAHUSIUS,
2623 3552 2720 3644 43)
2774 3552 2897 3650 qui
2939 3576 3101 3627 cum
3146 3554 3605 3640 Academiae,

561 3685 714 3751 tum
780 3674 987 3749 etiam
1048 3672 1310 3747 civitati
1377 3670 1804 3746 Traiectinae
1862 3670 2104 3744 honori
2161 3670 2446 3745 fuerunt
2500 3678 2572 3745 et
2625 3670 3115 3746 emolumento.
3215 3672 3331 3745 An
3382 3694 3605 3744 sosa-

563 3818 904 3871 mavum
951 3794 1048 3885 44)
1119 3791 1449 3880 excitem,
1515 3790 1738 3863 virum
1799 3789 2315 3865 immortalem?
2388 3792 2504 3863 An
2556 3812 2941 3877 caumont,
2995 3790 3093 3881 ⁴³)
3152 3789 3607 3888 pathologum

567 3911 1137 3989 meritissimum?
1215 3911 1329 3984 An
1381 3932 1799 3998 comanos,
1855 3910 1950 3999 ⁴⁸)
2007 3914 2079 3982 et
2125 3906 2412 3981 eximios
2458 3905 2770 3981 doctores
2812 3907 3237 3983 academicos
3260 3966 3281 3997 ,
3333 3917 3405 3983 et
3450 3933 3609 3985 vero

568 4039 797 4107 tantae
846 4027 1262 4104 celebritatis
1319 4050 1753 4103 anscunsrn
1811 4027 2203 4113 ministrOS,
2255 4034 2336 4099 ut
2376 4048 2837 4101 nmzAnmnA
2886 4026 3335 4117 Russicorum
3388 4028 3607 4127 impe-

566 4150 774 4227 ratrix
825 4147 1076 4248 amplis
1121 4172 1238 4221 eos
1291 4146 1804 4221 conditionibus
1849 4144 1985 4219 sibi
2027 4144 2330 4219 medicos
2378 4145 2795 4221 adsciverit?
2890 4148 2991 4221 At
3038 4148 3283 4225 Batavi
3331 4149 3611 4225 nomine

567 4270 898 4369 indignus
961 4278 1108 4354 est,
1179 4266 1304 4365 qui
1347 4265 1589 4341 talium
1635 4266 1980 4341 luminum
2029 4263 2475 4341 obliviscitur.
2576 4268 2813 4356 Quot,
2864 4292 3159 4366 quaeso,
3209 4268 3454 4343 horum
3514 4269 3611 4343 vi-

568 4411 802 4465 rorum
873 4384 1196 4483 discipuli
1265 4408 1428 4457 cum
1497 4386 1664 4459 artis
1719 4383 2114 4461 salutiferae
2167 4382 2533 4473 honorem,
2582 4392 2735 4463 tum
2797 4412 2955 4463 vero
3009 4387 3269 4485 patriae
3320 4389 3613 4488 gloriam

575 4507 842 4606 scriptis
874 4514 945 4581 et
989 4503 1314 4603 operibus
1360 4502 1831 4579 vindicarunt!
1909 4503 2008 4576 Ut
2043 4502 2214 4577 alios
2249 4502 2561 4594 mittam,
2614 4514 2956 4606 quantum
2999 4530 3479 4594 swnrrnmus,
3509 4509 3607 4599 47)

577 4633 915 4729 quantum
983 4625 1196 4699 etiam
1261 4646 1584 4700 numus
1630 4625 1725 4717 ⁴⁸)
1784 4646 1947 4697 cum
1993 4622 2067 4695 in
2117 4622 2623 4715 Nederlandia,
2674 4633 2827 4701 tum
2879 4649 3159 4725 quoque
3206 4626 3281 4699 in
3327 4625 3615 4701 Austria

576 4745 866 4823 contulit
927 4743 1016 4818 ad
1079 4741 1493 4817 medicinam
1553 4743 1624 4817 in
1691 4743 1988 4819 salutem
2031 4744 2301 4843 generis
2348 4744 2637 4819 humani
2680 4744 3232 4846 provehendam!
3312 4742 3614 4820 Knonx·

1922 4868 1931 4880 “
3180 4865 3270 4936 15
