4728 5991
1090 563 1217 629 232
2108 559 2156 621 1.
2222 557 2271 622 1.
2336 529 2488 621 vn«
2549 555 3137 624 oosrssnzaa

1086 768 1473 843 iuveniliter
1540 766 1725 841 dicta
1794 765 1923 840 tibi
1997 764 2185 838 haud
2256 788 2536 863 prorsus
2606 763 3060 864 displicuisse.
3183 763 3439 853 Felici,
3515 765 3649 840 sub
3719 789 3864 864 quo
3931 771 4130 839 natus

1086 888 1321 962 videor
1378 896 1601 974 astro,
1676 887 1817 960 sive
1884 895 1967 959 ut
2018 883 2271 957 melius
2340 883 2610 972 dicam,
2681 883 2952 958 divinae
3005 883 3485 960 Providentiae
3538 885 3666 961 hoc
3719 884 4132 960 beneficium

1084 1007 1503 1082 laetissimus
1549 1005 1817 1093 tribuo,
1868 1003 2058 1104 quod
2109 1014 2177 1078 te
2232 1004 2498 1078 seniore
2535 1003 2795 1104 college
2843 1004 2980 1078 frui
3025 1005 3161 1078 iam
3215 1003 3449 1093 liceat,
3501 1005 3770 1080 utinam
3821 1015 3896 1078 et
3937 1005 4134 1081 amici

1084 1127 1372 1201 fiamus!
1442 1168 1545 1184 —-
1606 1124 1839 1198 Amici
1898 1148 2027 1197 nos
2074 1123 2335 1196 fuimus
2379 1149 2421 1199 a
2473 1127 2704 1197 tenera
2763 1125 3122 1199 iuventute
3163 1124 3578 1199 Academica
3626 1109 3835 1213 iride,
3887 1125 4136 1200 Claris-

1086 1246 1259 1320 sime
1328 1269 1650 1332 Donusa,
1722 1244 1927 1318 amici
1999 1269 2149 1317 esse
2218 1243 2408 1318 haud
2477 1243 2854 1318 desivimus
2935 1255 3092 1344 post
3155 1252 3258 1316 tot
3325 1268 3665 1320 annorum
3744 1244 4132 1322 decursum.

1092 1365 1572 1444 Meministine
1634 1389 1907 1438 mecum
1972 1364 2282 1452 dierum,
2347 1364 2608 1462 quibus
2664 1364 3220 1437 ardentissimam
3288 1363 3636 1438 doctrinae
3691 1365 4138 1464 Theologicae

1092 1486 1281 1561 sitim
1329 1486 1757 1560 coniunctim
1807 1483 2079 1582 explere
2130 1483 2598 1570 conabamur,
2649 1484 3118 1557 meministine
3163 1483 3572 1558 iuvenilium
3604 1485 4030 1559 somniorum
4057 1485 4139 1560 de

1092 1608 1231 1682 vita
1300 1605 1722 1704 theologice,
1793 1603 2159 1692 litteraria,
2232 1629 2388 1678 vere
2459 1603 2689 1690 vitali,
2751 1603 3094 1678 ambobus
3138 1627 3299 1702 prae
3344 1604 3536 1678 omni
3578 1603 3708 1678 alie
3762 1615 3928 1678 tunc
3979 1606 4142 1679 arri·

1091 1726 1350 1800 dente?
1466 1728 1699 1804 Quam
1772 1725 1995 1798 multa
2060 1735 2299 1822 postea
2367 1734 2808 1797 accesserunt
2873 1722 3218 1810 iucunda,
3289 1723 3620 1812 molesta3
3703 1735 4135 1822 exspectata,

1088 1847 1477 1944 insperata3
1546 1843 1956 1930 laetissima,
2023 1844 2281 1918 tristia!
2379 1844 2514 1916 Per
2575 1844 2886 1942 quinque
2954 1869 3110 1917 vero
3175 1851 3246 1916 et
3307 1843 3500 1940 quod
3567 1845 3870 1918 excurrit
3935 1845 4142 1922 lustra

1095 1973 1301 2039 tuum
1353 1964 1531 2036 vitae
1578 1988 1861 2036 cursum
1909 1989 2069 2037 cum
2118 1987 2274 2037 meo
2325 1973 2659 2062 perpetuo
2705 1973 3110 2038 contextum
3167 1963 3302 2036 iam
3360 1963 3578 2038 video.
3681 1965 3900 2043 Quod
3957 1967 4144 2042 Deus

1094 2085 1193 2158 ita
1276 2081 1675 2169 coniunxit,
1752 2080 2115 2155 hominum
2203 2063 2410 2153 nemo
2491 2092 2801 2180 separet,
2886 2081 2986 2155 vir
3057 2083 3532 2157 Amicissimel
3635 2085 4147 2162 sincerissimas

1096 2204 1329 2302 accipe
1376 2202 1634 2300 gratias
1684 2225 1809 2301 pro
1858 2201 2227 2289 omnibuS‚
2279 2225 2460 2299 quae
2511 2201 2582 2274 in
2643 2227 2753 2276 me
2803 2203 3197 2290 contulisti,
3248 2203 3585 2278 fraternae
3628 2207 3974 2280 amicitiae
4027 2207 4146 2281 do-

1096 2321 1479 2408 cumentis,
1538 2330 1612 2394 et
1659 2333 1900 2408 antea,
1950 2330 2022 2394 et
2072 2321 2414 2420 imprimis
2467 2333 2836 2420 postquam
2885 2348 2998 2397 me
3053 2323 3189 2396 huc
3241 2334 3558 2397 vocatum
3613 2325 3942 2400 videram.
4043 2327 4151 2400 Tu

1094 2443 1407 2518 animum
1488 2465 1723 2514 meum
1810 2439 2126 2528 erexisti,
2202 2441 2541 2514 auxilium
2621 2443 2888 2540 petenti
2969 2442 3158 2516 haud
3233 2443 3555 2531 defuisti,
3635 2445 4150 2544 adventumque

1106 2587 1343 2638 meum
1404 2561 1535 2635 tibi
1585 2569 1863 2661 gratum
1914 2569 2416 2659 acceptumque
2466 2561 2603 2634 fore
2653 2562 2892 2635 multis
2947 2562 3174 2636 modis
3224 2563 3366 2637 iam
3411 2566 3898 2661 comprobasti.
3974 2568 4150 2642 Mira

1099 2685 1171 2757 in
1238 2691 1474 2756 nostro
1540 2681 1729 2754 coelo
1804 2679 2271 2767 constellatiO,
2338 2680 2650 2779 mihique
2719 2691 2904 2757 certe
2965 2683 3392 2782 gratissima!
3486 2685 3670 2758 Mihi
3729 2687 4028 2786 contigit
4085 2696 4150 2760 te

1096 2814 1301 2880 antea
1358 2801 1807 2876 Roterodami
1862 2801 2204 2898 recipere,
2260 2801 2382 2873 ubi
2431 2801 2560 2874 tibi
2605 2811 3099 2876 antecesseram
3143 2827 3263 2900 per
3314 2803 3688 2878 triennium
3735 2804 3882 2879 fere
3897 2841 3916 2894 ;
3973 2832 4150 2882 nunc

1100 2949 1258 3037 vero
1325 2933 1443 3011 tu,
1512 2933 1673 2997 ante
1728 2921 2106 2995 triennium
2174 2921 2310 2997 huc
2369 2930 2687 3010 vocatus,
2754 2922 3047 2998 Traiecti
3111 2923 3230 2995 tua
3295 2922 3438 2997 vice
3502 2948 3618 2999 me
3673 2925 3968 3027 recipis,
4031 2952 4151 3003 neo

1100 3045 1347 3143 recipis
1414 3051 1728 3129 tantum,
1799 3040 1922 3114 sed
1993 3067 2268 3115 mecum
2339 3043 2552 3117 etiam
2619 3042 2923 3141 gaudes,
3000 3043 3122 3117 uhi
3179 3045 3569 3120 communis
3637 3058 3916 3122 nostrae
3980 3049 4150 3122 vitae

1102 3164 1437 3239 circulum
1497 3162 1637 3236 iam
1685 3159 1775 3233 ad
1824 3170 2165 3260 punctum
2220 3162 2406 3235 unde
2455 3161 2626 3233 exiit
2679 3163 2880 3260 quasi
2927 3162 3150 3237 redire
3197 3164 3534 3240 videmus.
3651 3168 3892 3255 Eheu,
3945 3192 4150 3267 quare

1104 3294 1176 3358 te
1232 3282 1623 3381 conspicere
1682 3279 1795 3354 hic
1856 3280 2113 3367 debeo,
2178 3280 2622 3355 acerbissimo
2689 3283 2968 3357 vulnere
3035 3284 3306 3357 ictum?
3393 3284 3533 3359 Sed
3587 3285 3960 3361 infandum
4007 3289 4150 3362 iure

1106 3404 1373 3479 haesito
1440 3425 1761 3475 renovare
1832 3399 2136 3473 dolorem
2160 3432 2179 3487 ς
2253 3399 2382 3472 hoc
2445 3399 2620 3471 mihi
2693 3399 2888 3473 Deus
2946 3400 3318 3489 concedat,
3387 3411 3467 3473 ut
3508 3403 3854 3477 amicitiae
3907 3430 4150 3479 manus

1106 3522 1236 3597 tibi
1295 3521 1559 3621 aliquid
1626 3522 1873 3595 saltem
1937 3519 2289 3603 solaminis
2348 3518 2627 3593 offerat!
2721 3519 2921 3596 Quid
2987 3522 3238 3617 plura?
3343 3524 3582 3600 Quam
3654 3524 3955 3624 plurima
4018 3527 4150 3601 iam

1104 3643 1501 3719 communia
1573 3640 1949 3748 habemus,
2020 3639 2297 3737 utrique
2367 3662 2586 3735 aeque
2652 3639 3042 3727 carissima;
3113 3641 3304 3740 quod
3367 3666 3525 3716 vero
3585 3644 3784 3720 alteri
3843 3647 4150 3721 nostrum

1104 3764 1376 3864 privum
1424 3761 1953 3861 propriumqum
2004 3760 2195 3832 Deus
2240 3757 2612 3845 concessit,
2665 3759 2886 3833 valeat
2925 3760 3018 3833 ad
3061 3761 3356 3835 alterum
3398 3764 3834 3855 acuendum,
3887 3778 4150 3842 susten·

1106 3884 1436 3970 tandum,
1504 3892 1585 3956 ut
1643 3880 1742 3956 ita
1812 3879 2037 3953 dicam
2110 3876 2601 3977 supplendum.
2704 3878 2782 3951 Si
2840 3879 3260 3955 iuvenilibus
3315 3883 3568 3957 nostris
3613 3887 3906 3960 somniis
3951 3887 4152 3961 virilis

1106 4011 1328 4089 aetas,
1395 4000 1691 4076 Traiecti
1754 3998 1845 4073 ad
1900 4000 2110 4071 finem
2165 3996 2542 4096 perducta,
2607 4021 2746 4072 non
2795 3998 2996 4099 longe
3043 3999 3398 4076 dissimilis
3454 4005 3570 4091 fit,
3621 4006 4010 4103 optandum
4061 4006 4154 4081 nil

1108 4120 1407 4218 amplius
1476 4120 1718 4193 habe0.
1822 4119 2212 4216 Iungamus
2278 4116 2558 4190 dextras
2627 4118 3017 4217 fidemque,
3091 4119 3468 4221 iungamus
3537 4148 3655 4199 eas
3719 4136 4016 4226 uterque
4085 4132 4152 4200 et

1109 4246 1385 4324 tecum,
1448 4238 1839 4311 clarissime
1908 4262 2050 4312 'rna
2111 4230 2359 4325 mida,
2423 4245 2501 4309 ut
2547 4236 2646 4312 ita
2695 4237 3236 4315 Triumviratum
3287 4242 3837 4335 constituamuS,
3889 4247 3977 4320 de
4019 4269 4152 4345 quo

1108 4356 1286 4431 illud
1336 4356 1893 4430 Ecclesiasticum
1942 4357 2194 4430 valeat:
2264 4354 2684 4454 triplicatum
2727 4356 2968 4432 funem
3019 4382 3160 4434 non
3212 4358 3410 4435 facile
3459 4362 3632 4437 solvi
3683 4366 3786 4457 ¹);
3849 4364 4154 4440 triumvi-

1108 4484 1338 4551 ratum
1396 4474 1658 4575 cogito,
1705 4476 1823 4550 cui
1872 4475 2261 4552 communis
2300 4474 2377 4548 in
2427 4498 2892 4553 nouummm
2945 4488 3264 4554 nostrum
3303 4478 3563 4578 pietas,
3613 4482 3958 4583 imprimis
4003 4506 4154 4560 vero

1195 4725 1247 4803 ¹)
1303 4728 1517 4789 Boules.
1558 4726 1674 4785 IVt
1728 4730 1816 4791 12.
