4728 5991
1621 1277 2826 1378 AAN'I'EEKENINGEN.

808 2103 857 2184 ¹)
897 2105 1223 2184 Belsngrijk
1266 2107 1315 2168 is
1359 2107 1485 2180 het,
1530 2108 1601 2170 de
1640 2109 2003 2189 verdediging
2040 2110 2140 2172 der
2178 2111 2237 2170 in
2272 2109 2401 2171 dien
2437 2110 2541 2190 tijd
2581 2129 2890 2188 genomene
2925 2111 3295 2188 mastregelen
3333 2129 3436 2170 van
3467 2109 3772 2190 beperking

718 2211 777 2268 te
830 2209 981 2268 lezen
1037 2207 1095 2267 in
1154 2207 1224 2268 de
1275 2209 1527 2271 bekende
1584 2213 1881 2274 Memoiree
1930 2215 1997 2273 de
2050 2229 2252 2282 sunm.
2328 2213 2461 2290 vgl.
2509 2211 2619 2272 ook
2674 2227 2969 2284 numam,
3028 2213 3282 2273 Histoire
3314 2211 3384 2274 de
3425 2212 3775 2276 l'Eeonomie

718 2309 1027 2390 Pontique,
1078 2318 1179 2371 3¹¹²·
1214 2309 1326 2386 Ed.
1368 2314 1438 2373 Τ.
1478 2313 1536 2390 Ι,
1581 2335 1637 2394 p.
1682 2319 1797 2375 348
1840 2335 1963 2396 sqq.

804 2412 859 2488 ²)
918 2413 1169 2476 Histoite
1229 2413 1301 2475 de
1358 2411 1713 2478 l'Eeonomie
1769 2419 2076 2499 Pontique,
2132 2419 2203 2480 Τ.
2262 2419 2327 2490 Ι,
2385 2439 2442 2500 p.
2501 2421 2640 2481 872.
2747 2415 2910 2476 nPlus
2969 2435 3043 2476 on
3108 2415 3292 2476 etudie
3352 2419 3432 2477 les
3494 2423 3644 2477 setes
3707 2416 3778 2478 de
3882 2422 3886 2426 ’

725 2515 1242 2578 nl’administration
1296 2517 1367 2579 de
1427 2539 1491 2580 ee
1544 2519 1721 2597 grand
1778 2520 2064 2594 ministre,
2122 2523 2245 2602 plus
2297 2542 2372 2582 on
2430 2525 2514 2582 est
2573 2517 2878 2580 eonvaineu
2931 2518 3001 2578 de
3049 2538 3110 2579 ss
3149 2519 3316 2581 haute
3357 2518 3544 2600 equite}
3583 2525 3640 2579 et
3681 2521 3778 2580 des

724 2618 1053 2680 utendanees
1108 2619 1365 2681 liberales
1418 2620 1489 2682 de
1542 2641 1639 2682 son
1699 2621 1969 2702 systeme,
2022 2623 2285 2706 jusqu’iei
2339 2621 2756 2700 generalement
2810 2620 3099 2696 preconise
3155 2641 3369 2682 comme
3424 2621 3626 2682 hostile
3669 2643 3777 2684 aux

720 2719 1031 2802 aprincipes
1087 2720 1157 2783 de
1212 2723 1431 2784 liberte.
1526 2725 1617 2786 En
1670 2724 1795 2786 vain
1852 2729 1933 2788 les
1986 2726 2220 2788 Italiens
2275 2727 2419 2788 l'ont
2477 2725 2628 2786 selue
2686 2723 2756 2785 de
2813 2726 3192 2796 colbertisme,
3249 2745 3390 2806 pour
3429 2715 3686 2802 assignei
3725 2725 3780 2785 le

724 2822 966 2900 aregium
1008 2825 1244 2886 exclusis
1254 2871 1270 2898 ,
1310 2827 1539 2888 invente
1579 2849 1677 2910 pm·
1711 2829 2048 2892 eux-memes
2087 2835 2145 2891 et
2183 2829 2292 2890 mis
2334 2849 2402 2890 en
2444 2829 2699 2889 honneur
2739 2847 2838 2908 par
2879 2829 2960 2888 les
2997 2827 3386 2910 Espsgnols,”
3431 2847 3498 2888 en
3529 2850 3584 2910 p.
3626 2831 3776 2891 373:

726 2925 841 2986 aeLe
898 2928 1017 2988 seul
1070 2929 1334 3010 reproehe
1390 2931 1559 3011 qu’on
1614 2931 1724 2992 soit
1776 2953 1845 2993 en
1902 2933 2049 2993 droit
2088 2933 2158 2993 de
2196 2932 2275 2992 lui
2318 2931 2601 3003 adi-esser,
2629 2929 2797 3005 ‚e'est
2835 2929 3050 2991 d’evoir
3091 2929 3262 2992 abus6
3295 2931 3364 2992 de
3401 2930 3778 2992 l'instrument

723 3033 1064 3109 uptoteetem·
1116 3032 1254 3111 qu’il
1310 3033 1501 3095 venuit
1552 3034 1623 3094 de
1680 3035 1866 3107 creet,
1924 3055 1994 3095 en
2039 3034 2341 3113 exegerant
2381 3034 2520 3095 dans
2556 3035 2610 3094 le
2655 3033 2788 3093 tarif
2825 3033 2894 3093 de
2939 3036 3092 3095 1667
3135 3035 3215 3094 les
3263 3053 3504 3095 mesures
3544 3036 3774 3097 exclusi·

724 3139 980 3193 »voment
1018 3132 1257 3210 dirigees
1297 3140 1495 3197 contre
1535 3138 1618 3197 les
1655 3135 2062 3197 manufactures
2102 3133 2419 3211 eti-angetes
2457 3154 2557 3215 pm·
2599 3133 2742 3193 oelui
2780 3132 2850 3192 ‹le
2894 3134 3114 3195 1664.”

805 3232 858 3309 ⁸)
896 3234 1276 3299 Dietionnaire
1318 3238 1387 3299 de
1428 3238 1782 3301 l’Eeonomie
1822 3237 2129 3317 Politique,
2172 3238 2233 3297 in
2278 3257 2442 3298 voce:
2493 3240 2729 3297 Golbert.

798 3333 851 3410 ⁴*)
892 3334 1152 3399 Omtrent
1193 3338 1521 3401 connum-’s
1564 3339 1964 3417 mastregelen‚
2010 3336 2343 3398 betreffende
2378 3336 2448 3397 de
2483 3336 2793 3415 nijverheid
2813 3382 2827 3411 ,
2871 3335 3024 3398 zeide
3059 3336 3138 3399 de
3165 3338 3546 3417 Hoogleeraar
3581 3358 3772 3401 wsse-

724 3452 872 3496 Bme
924 3438 985 3498 in
1052 3442 1239 3501 1850:
1303 3440 1398 3499 nik
1455 3441 1623 3502 erken
1678 3439 1774 3501 dat
1817 3439 1909 3498 het
1954 3440 2253 3517 somwijlen
2294 3438 2440 3516 goed
2481 3438 2588 3497 ken
2629 3438 2742 3515 zijn
2788 3436 2858 3497 de
2899 3436 3136 3514 vrijheid
3178 3459 3280 3499 san
3318 3438 3634 3518 bijzondere
3671 3442 3767 3502 be-

720 3538 1059 3619 eperkingen
1121 3550 1179 3603 te
1238 3542 1652 3623 ondsrwerpen.
1728 3542 1799 3601 Ik
1858 3541 2069 3603 behoef
2121 3541 2245 3601 hier
2301 3540 2506 3603 sleehts
2567 3546 2624 3601 te
2683 3540 3014 3601 herinnsren
3078 3561 3180 3601 ean
3236 3555 3535 3614 comem,
3599 3543 3766 3603 wiens

724 3644 1130 3719 aereglementen
1186 3666 1261 3725 op
1316 3646 1385 3706 de
1426 3645 1699 3707 industrie
1741 3645 1827 3719 (in
1872 3663 2043 3705 onzen
2088 3643 2189 3722 tijd
2232 3642 2598 3721 onduldbsar)
2641 3642 2931 3703 volkomen
2973 3649 3164 3723 pastea
3203 3663 3306 3702 asu
3349 3641 3420 3703 de
3464 3642 3762 3705 behoeften

727 3766 866 3805 aven
922 3746 1031 3807 den
1082 3747 1303 3825 zijnen,
1360 3769 1427 3808 en
1483 3748 1575 3807 die
1628 3748 1853 3811 daurom
1907 3746 2233 3823 Frankrijks
2290 3744 2592 3806 weldosner
2629 3743 2678 3803 is
2717 3743 3036 3821 geworden,
3077 3744 3268 3805 omdat
3307 3745 3385 3822 hij
3427 3746 3612 3823 zijnen
3654 3748 3760 3825 tijd

726 3846 1057 3929 obem-sep?
1140 3848 1247 3929 (De
1287 3850 1459 3922 Gids,
1509 3854 1695 3921 1850,
1739 3850 1817 3909 bl.
1866 3847 2025 3928 591.)
2108 3849 2227 3909 Het
2266 3848 2336 3925 τῇ
2380 3868 2484 3907 ons
2528 3846 2771 3925 vergund
2811 3845 3012 3924 hierbij
3052 3848 3121 3907 de
3162 3848 3488 3927 opmerking
3529 3855 3586 3909 te
3628 3870 3756 3910 voe-

719 3969 859 4027 gen,
914 3949 1011 4010 det
1066 3950 1157 4013 die
1206 3952 1473 4013 bedoelde
1527 3950 2241 4031 niiverheidsbeperkingen
2293 3950 2426 4010 toeh
2466 3953 2562 4010 wel
2599 3948 2837 4009 nimmer
2876 3948 3074 4009 anders
3115 3950 3222 4009 dan
3267 3952 3347 4010 als
3387 3955 3754 4029 mastregelen

718 4072 823 4113 vsu
880 4072 1151 4130 overqana
1205 4061 1262 4115 te
1316 4052 1648 4131 verdedigen
1702 4053 1813 4131 zijn
1833 4098 1849 4126 ,
1910 4072 1979 4113 en
2021 4052 2117 4114 dat
2156 4054 2223 4132 zij
2265 4052 2403 4114 door
2441 4052 2547 4111 den
2591 4048 2936 4129 genoemden
2979 4054 3276 4112 staatsmsn
3318 4052 3479 4115 zeker
3520 4054 3636 4117 niet
3677 4058 3756 4117 als

716 4155 987 4233 zoodsnig
1026 4156 1239 4217 werden
1281 4155 1625 4219 beschouwd.

798 4256 847 4338 ⁸)
888 4259 1023 4319 Men
1068 4258 1224 4319 vindt
1263 4259 1331 4319 de
1371 4258 1797 4335 merkwsardige
1836 4258 2116 4318 sententie
2152 4258 2231 4336 bij
2274 4274 2490 4329 mzsc,
2536 4257 2812 4317 Houands
2851 4256 3150 4333 Rijkdom,
3193 4258 3284 4318 Dl.
3325 4260 3388 4331 Ι,
3433 4260 3567 4337 Bijl.

798 4359 847 4439 ⁸)
888 4360 999 4419 Mr.
1043 4378 1106 4421 n.
1146 4378 1196 4421 s.
1238 4376 1506 4432 nonum,
1558 4358 1961 4437 Voorlezingen
2002 4381 2137 4421 over
2191 4360 2261 4421 de
2318 4358 2716 4420 Gesehiedenis
2774 4359 2870 4421 des
2924 4360 3412 4423 Nederlandsehen
3471 4362 3752 4437 Handels‚

716 4464 1103 4535 Amsterdam,
1149 4467 1326 4524 1853.

798 4564 851 4645 7)
892 4566 1044 4627 Gm
1098 4564 1547 4636 Institutionum,
1602 4565 1671 4625 L.
1714 4564 1838 4637 111,
1880 4566 1905 4640 ς
1951 4567 2099 4624 161:
2146 4590 2176 4619 n
2201 4606 2220 4625 .
2244 4562 2328 4625 .si
2369 4562 2744 4625 mandaverim
2783 4562 2922 4635 tibi,
2977 4570 3038 4624 ut
3090 4564 3241 4625 verbi
3287 4566 3468 4643 grstia
3521 4567 3753 4628 fundum

720 4666 895 4727 »mihi
946 4667 1211 4728 sestertiis
1252 4668 1297 4727 C
1340 4670 1581 4741 emeres,
1640 4672 1700 4725 tu
1741 4666 2005 4725 sestertiis
2047 4667 2145 4727 CL
2184 4666 2414 4737 emeris,
2468 4685 2582 4726 non
2622 4664 2855 4726 habebis
2897 4685 3115 4726 meeum
3155 4665 3402 4728 mandati
3444 4669 3752 4740 actionem,

721 4770 973 4830 uetiamsi
1009 4770 1154 4830 tanti
1191 4770 1327 4829 velis
1364 4768 1505 4829 mihi
1547 4767 1679 4829 dare
1716 4766 1947 4827 fundum
1990 4768 2183 4847 quenti
2222 4765 2512 4828 emendum
2556 4767 2660 4828 tibi
2701 4765 3109 4828 mandassem.”
