4728 5991
1834 555 2396 626 ORATIO.
3505 555 3634 624 223

586 769 972 846 obiectum
1029 766 1231 844 cadat
1281 789 1559 842 necesse
1608 773 1733 841 est.
1836 765 2053 840 Crisis
2104 765 2390 864 quidem
2441 762 2833 838 instituitur
2879 761 2968 838 de
3013 762 3342 838 omnibus
3397 761 3640 861 templi

585 888 983 966 architectis
1021 896 1231 986 atque
1276 886 1561 962 materia
1586 944 1605 973 ,
1659 885 2021 985 hucusque
2062 884 2410 971 adhibita,
2463 882 2634 981 quid
2680 907 2834 956 vero
2875 883 2958 956 fit
3001 883 3091 958 ad
3131 882 3638 961 aedificandum

588 1007 1080 1084 Sanctuarium
1164 1006 1445 1106 ipsum?
1542 1005 1619 1080 Si
1686 1007 1777 1080 ad
1834 1005 2011 1084 hanc
2078 1003 2552 1103 quaestionem
2605 989 3084 1101 'promittendo
3144 1004 3640 1102 respondetur,

589 1127 1039 1228 Theologiam
1112 1125 1541 1225 Scepticismi
1608 1151 1739 1224 ope
1798 1125 2249 1200 saluberrimo
2298 1124 2506 1200 modo
2561 1123 3018 1222 depurgatum
3061 1124 3204 1211 iri,
3255 1123 3640 1223 aegrotanti

590 1246 901 1345 profecto
962 1246 1049 1320 de
1116 1245 1398 1320 Medico
1454 1246 1783 1344 conqueri
1832 1245 2067 1320 licebit
2086 1303 2115 1332 ,
2168 1244 2293 1343 qui
2336 1243 2744 1343 sanguinem
2795 1265 2930 1318 uon
2983 1251 3254 1320 tantum
3303 1243 3639 1331 detrahit,

594 1363 719 1440 sed
772 1371 1005 1437 totum
1070 1361 1427 1450 exhaurit,
1492 1361 1635 1438 imo
1684 1387 1799 1437 cor
1845 1387 1885 1438 e
1927 1371 2203 1462 pectore
2258 1362 2462 1460 rapit.
2561 1363 2799 1451 Quid,
2854 1364 3042 1461 quod
3087 1363 3216 1441 hoc
3261 1365 3470 1441 etiam
3517 1389 3638 1440 no-

596 1483 785 1558 mine
832 1483 1327 1582 Scepticismus
1366 1481 1781 1580 'l'heologiae
1826 1493 2068 1570 nocet,
2118 1483 2311 1582 quod
2350 1506 2486 1557 non
2531 1483 2750 1580 possit
2793 1508 2928 1560 non
2977 1484 3194 1560 serius
3227 1484 3422 1560 ocius
3455 1508 3638 1564 reac-

596 1603 859 1680 tionem
928 1601 1225 1680 excitare
1288 1601 1751 1699 dogmaticam
1773 1661 1797 1691 ,
1872 1602 2171 1680 subinde
2240 1603 2416 1678 adeo
2477 1603 2722 1678 fortem
2746 1661 2766 1691 ,
2850 1610 2928 1676 ut
2997 1603 3410 1702 Theologiae
3485 1628 3642 1680 vere

598 1721 1055 1822 Evangelicae
1124 1721 1605 1819 liberalisque,
1672 1725 1835 1798 sana
1900 1723 1971 1796 vi
2014 1723 2197 1797 vocis
2246 1721 2603 1800 eclecticae
2624 1781 2645 1811 ,
2697 1723 3096 1798 condendae
3145 1723 3257 1798 vix
3305 1723 3490 1800 iusta
3533 1749 3638 1800 m·

598 1852 879 1918 maneat
934 1867 1113 1940 spes.
1214 1841 1372 1914 Hoc
1416 1863 1613 1928 vero,
1664 1841 1767 1916 ais
1818 1841 2105 1918 fortasse
2127 1901 2146 1929 ,
2200 1841 2594 1940 posterioris
2648 1852 2754 1916 est
2807 1867 3052 1930 curae;
3102 1843 3174 1918 in
3226 1843 3642 1941 praesentia-

600 1985 755 2038 rum
802 1967 1076 2048 autem,
1123 1960 1345 2048 addc,
1390 1961 1525 2036 iam
1570 1961 1741 2036 satis
1778 1973 2107 2060 apparet,
2158 1962 2534 2062 genuinam
2581 1961 3026 2061 Theologiam
3071 1969 3282 2063 atquc
3323 1963 3644 2042 adultum

606 2081 1135 2180 Sceptieismum
1188 2081 1409 2155 amice
1452 2080 1841 2180 conspirare
1892 2105 2031 2156 non
2087 2107 2307 2180 posse.
2411 2082 2749 2179 Neglecta
2793 2106 2954 2156 mox
3003 2081 3366 2180 disciplina
3413 2091 3648 2160 nostra

604 2201 899 2288 iacebit,
950 2199 1011 2276 si
1046 2207 1283 2274 sancta
1330 2199 1743 2299 Theotogia,
1778 2201 1941 2276 olim
1986 2189 2428 2280 scientiarum
2471 2201 2780 2298 Regina,
2832 2201 3186 2299 proprium
3232 2202 3646 2300 privumque

610 2321 837 2396 locum
908 2319 1175 2393 diutius
1238 2343 1571 2417 occupare
1621 2343 1761 2395 non
1818 2319 2031 2416 possit
2054 2377 2073 2406 ,
2124 2328 2194 2392 ct
2245 2319 2835 2416 uniuscuiusque,
2887 2319 3163 2418 proprio
3215 2321 3444 2394 Marte
3491 2320 3644 2419 phi·

616 2439 1041 2539 losophantis
1104 2439 1211 2514 vol
1274 2438 1660 2514 dubitantis
1679 2497 1699 2528 ,
1768 2439 2179 2538 pedis-sequa
2238 2438 2382 2514 fiat.
2484 2437 2982 2534 Interpretalio
3048 2437 3292 2513 veteris
3347 2439 3646 2538 novique

615 2559 1042 2636 Testamenti
1102 2583 1263 2633 mox
1332 2583 1443 2634 res
1494 2559 1855 2636 mediocris
1898 2559 2235 2636 momenti
2276 2557 2552 2646 evadit,
2603 2557 2725 2632 ubi
2773 2557 2978 2634 Sacra
3031 2557 3384 2656 Scriptura
3441 2583 3648 2656 pecu·

610 2678 759 2754 liari
822 2679 1217 2754 charactere
1279 2677 1683 2754 destituitur
1704 2738 1724 2767 ,
1788 2704 1995 2778 quem
2041 2679 2404 2777 hucusque
2459 2677 2526 2752 ei
2573 2676 2926 2754 tribuebat
2981 2676 3306 2752 Ecclesia.
3411 2677 3648 2754 Philo-

613 2801 823 2897 logice
868 2805 941 2872 et
987 2801 1223 2874 critice
1264 2797 1605 2896 explicare
1651 2797 1935 2874 omnino
1974 2803 2213 2896 potero
2255 2795 2382 2870 has
2425 2795 2677 2884 etiam,
2729 2796 2960 2894 prouti
3004 2803 3308 2872 caeteras
3349 2796 3649 2895 antiqui-

612 2917 777 2994 tatis
836 2917 1200 3016 reliquias3
1272 2917 1399 2994 sed
1462 2917 1631 3016 quid
1705 2916 1991 2994 ulterius
2058 2917 2147 2994 de
2210 2915 2548 2994 sententia
2619 2915 3028 3015 scriptorum
3094 2915 3428 2992 sollicitus
3493 2941 3612 2992 ero
3631 2975 3652 3005 ,

622 3064 667 3115 a
728 3062 1025 3137 quorum
1092 3036 1489 3113 testimonio
1548 3037 1725 3113 fides
1784 3036 2071 3113 minime
2120 3037 2412 3136 pendet,
2463 3060 2778 3137 quosque
2831 3036 2980 3135 ipse
3002 3095 3022 3126 ,
3073 3037 3163 3112 ad
3218 3060 3448 3113 veram
3501 3036 3655 3113 reli·

624 3155 897 3256 gionem
969 3154 1163 3253 quod
1226 3155 1511 3243 attinet,
1582 3154 1773 3231 haud
1844 3180 1985 3230 uno
2058 3157 2337 3233 nomine
2399 3159 2704 3255 supero?
2799 3158 3306 3256 Doymaticam,
3377 3158 3658 3235 nomine

626 3276 909 3376 dignam
929 3333 950 3363 ,
1018 3299 1153 3349 non
1216 3275 1443 3375 magis
1492 3274 1798 3351 excolere
1846 3284 2085 3373 potero
2104 3310 2124 3363 3
2176 3275 2542 3364 deficiens,
2593 3275 2865 3365 ieiuna,
2917 3276 3118 3376 plane
3169 3276 3660 3376 problematice

624 3396 792 3484 erit,
856 3396 1089 3470 demta
1152 3405 1289 3471 τοῦ
1356 3394 1973 3494 Supra-Naturalis
2040 3395 2319 3471 notione
2338 3428 2357 3484 3
2411 3396 2499 3469 de
2556 3396 2980 3494 gravissimis
3033 3397 3200 3471 locis
3250 3397 3662 3496 dogmaticis

626 3517 722 3591 nil
794 3516 1099 3615 amplius
1171 3524 1429 3603 restat;
1498 3511 1977 3591 distinctiones
2039 3524 2251 3615 atque
2320 3515 2872 3613 disquisitiones,
2943 3516 3016 3591 in
3071 3517 3330 3616 quibus
3385 3517 3660 3593 saecula

629 3635 1097 3724 desudarunt,
1146 3634 1285 3709 iam
1334 3658 1565 3711 merae
1618 3657 1849 3733 nugae
1900 3633 2256 3723 videntur,
2320 3660 2496 3733 quas
2535 3634 2686 3709 iure
2727 3635 3074 3709 miremini
3129 3660 3434 3733 unquam
3482 3635 3662 3735 sapi-

632 3756 895 3833 entium
950 3749 1309 3829 hominum
1356 3753 1635 3853 ingenia
1686 3778 1999 3831 exemere
2046 3754 2376 3855 potuisse.
2477 3754 2800 3829 Historia
2849 3753 3117 3831 Biblica
3173 3763 3244 3827 et
3291 3754 3662 3829 Ecclesias-

634 3875 767 3951 tica
840 3874 1089 3951 eadem
1160 3874 1267 3949 via
1332 3874 1795 3951 characterem
1868 3882 2378 3949 sacrosanctum
2447 3873 2748 3960 amittit,
2827 3880 3040 3971 atque
3117 3874 3454 3971 particula
3527 3874 3666 3951 iam

632 3994 861 4071 evadit
939 3993 1261 4069 historiae
1340 3992 1780 4080 universalis,
1856 3992 2057 4067 unice
2134 3990 2520 4069 secuudum
2595 3990 2804 4067 huius
2882 3990 3068 4090 leges
3144 3991 3668 4071 consideranda.

634 4116 827 4195 Quid
898 4114 987 4189 de
1036 4115 1361 4213 practica
1410 4112 1781 4211 Theologia
1835 4112 2091 4188 addam
2113 4170 2133 4198 ,
2198 4110 2271 4185 in
2322 4134 2536 4209 quam
2579 4119 2764 4189 certe
2809 4134 3012 4187 nemo
3061 4112 3324 4190 minore
3373 4112 3667 4192 assidui-

634 4242 773 4309 tate
820 4232 1221 4321 incumbet,
1272 4256 1487 4331 quam
1539 4232 1665 4330 qui
1688 4289 1708 4319 ,
1760 4230 2317 4329 defflgravissimis
2359 4229 2570 4307 rebus
2609 4228 2868 4304 dubius
2906 4230 3232 4321 haerena,
3283 4258 3442 4309 mox
3479 4234 3672 4323 aliis,

637 4376 851 4451 aeque
915 4352 1205 4429 fortasse
1266 4352 1791 4440 dubitantibus,
1838 4376 1915 4427 se
1964 4352 2287 4429 comitem
2338 4350 2725 4452 ducemque
2774 4351 3132 4452 adiunget.
3233 4354 3386 4429 Iam
3430 4378 3672 4431 omnes

636 4471 1068 4570 perspiciatis
1116 4496 1405 4549 necessa
1462 4480 1571 4549 est
1593 4530 1613 4560 ,
1684 4474 2063 4547 Ecclesiam
2121 4494 2259 4547 non
2315 4471 2538 4569 magis
2587 4471 3017 4569 Sceptieismi
3047 4456 3514 4551 'fundamento
3555 4498 3672 4551 su-

638 4591 934 4689 perstrui
1002 4578 1245 4688 posse,
1314 4615 1527 4689 quam
1590 4576 2044 4689 Pyramidum
2096 4613 2235 4665 una
2285 4589 2452 4665 acfis
2494 4590 2565 4663 in
2614 4590 2758 4664 acie
2805 4590 3083 4664 fundari
3123 4591 3362 4689 possit⁴
3459 4589 3675 4665 Nullo

640 4710 845 4785 modo
908 4710 1191 4808 quidem
1262 4710 1325 4784 is
1390 4733 1521 4809 ego
1588 4734 1784 4797 sum,
1856 4710 1979 4809 qui
2036 4710 2418 4785 Ecclesiam
2463 4708 2550 4784 ad
2601 4710 2962 4805 immotam
3014 4708 3457 4785 stabilitatem
3506 4734 3678 4784 con-
