4728 5991
1083 591 1171 661 20
2281 591 2928 656 P.L.RYKE

1083 800 1226 876 sint
1305 810 1384 874 ut
1453 799 1527 875 id
1599 798 1896 877 efficiant
1968 799 2160 900 quod
2222 799 2401 873 effici
2478 797 2854 873 videamus.
2976 796 3289 870 Numero
3362 794 3549 871 enim
3613 795 4129 897 quantumlibet

1080 945 1290 1024 parvo
1351 919 1491 994 sint
1545 920 1720 995 vires
1739 979 1758 1009 ‚
1813 945 1992 1019 quae
2045 920 2116 995 in
2166 942 2397 994 rerum
2460 924 2708 994 natura
2764 921 3133 1016 operentur
3156 973 3177 1004 ,
3244 939 3485 992 eorum
3536 941 3715 1016 quae
3758 925 4129 1018 operentur

1087 1040 1379 1116 varietas
1433 1047 1542 1114 est
1587 1041 1882 1116 infinita.
1967 1133 1980 1138 ί

1175 1518 1476 1593 Transeo
1547 1517 1639 1592 ad
1713 1516 2000 1591 alteram
2069 1514 2399 1589 orationis
2469 1520 2740 1613 partem
2802 1537 2943 1611 qua
3009 1513 3389 1590 enarranda
3460 1520 3665 1602 sunt,
3728 1539 3947 1613 quae,
4017 1541 4129 1592 me

1076 1638 1373 1714 Rectore
1393 1696 1414 1728 ‚
1468 1636 1888 1712 Academiae
1939 1642 2216 1710 nostrae
2264 1634 2701 1720 acciderunt,
2754 1633 2827 1707 in
2877 1632 3137 1732 quibus
3184 1657 3612 1732 quamquam
3658 1635 3879 1712 multa
3924 1645 4127 1726 sunt,

1081 1784 1263 1858 quae
1332 1757 1580 1834 merito
1641 1782 1768 1831 suo
1829 1756 2154 1856 lugemus
2223 1755 2487 1853 diuque
2546 1753 2980 1852 lugebimus,
3033 1754 3333 1854 plurima
3382 1763 3613 1828 tamen
3663 1754 3871 1830 etiam
3924 1766 4127 1848 sunt,

1079 1876 1339 1976 quibus
1392 1885 1463 1952 et
1510 1877 1601 1951 ad
1651 1875 1833 1975 grati
1885 1874 2102 1950 animi
2151 1898 2434 1948 sensum
2488 1880 2560 1946 et
2612 1873 2703 1948 ad
2752 1872 3083 1948 laetitiam
3126 1897 3257 1948 nos
3312 1873 3593 1948 excitari
3642 1883 3933 1974 oportet.

1178 1997 1296 2072 Ad
1355 2005 1658 2072 vestrum
1704 1995 1922 2095 igitur
1977 1994 2287 2069 ordinem
2337 2017 2451 2066 me
2502 2000 2905 2066 convertens
2925 2051 2944 2080 ,
2995 1991 3147 2066 Viri
3194 1992 3667 2090 Amplissimi,
3716 1995 4129 2074 Academiae

1081 2117 1495 2206 Ouramma,
1567 2115 2027 2191 libentissime
2087 2113 2395 2213 primum
2454 2111 2771 2185 omnium
2834 2120 2903 2185 te
2976 2111 3356 2186 salutatum
3424 2112 3611 2200 volo,
3666 2114 4129 2192 Illustrissime

1077 2259 1224 2312 vim
1283 2259 1431 2310 nna
1481 2259 1712 2323 unm,
1762 2235 1918 2324 cui,
1970 2235 2270 2309 Senatus
2315 2254 2597 2329 quoque
2644 2229 2967 2319 nomine,
3020 2230 3277 2330 gratias
3322 2253 3533 2330 quam
3576 2233 3912 2310 maximas
3958 2261 4128 2336 ago,
4172 2280 4178 2288 ·

1080 2355 1269 2457 quod
1341 2354 1472 2429 hoc
1535 2355 1688 2454 ipso
1742 2379 1924 2438 anno
1993 2353 2379 2428 ostenderis
2446 2351 2678 2426 denuo
2697 2410 2718 2440 ‚
2799 2359 3225 2450 quantopere
3291 2351 3671 2428 Academia
3714 2364 3951 2430 nostra
4000 2356 4131 2432 tibi

1077 2475 1170 2549 sit
1218 2472 1289 2548 in
1347 2473 1633 2548 deliciis,
1735 2475 1978 2553 Quum
2029 2472 2218 2548 enim
2267 2479 2550 2571 propter
2604 2470 3197 2570 ingravescentem
3240 2479 3665 2547 senectutem
3718 2474 4131 2552 decrevisses

1074 2591 1558 2692 magistratum
1617 2590 1998 2690 deponere,
2073 2589 2196 2690 qui
2249 2590 2321 2662 in
2370 2588 2501 2664 hac
2549 2588 2901 2688 provincia
2942 2613 3261 2664 summus
3308 2597 3455 2680 est,
3504 2571 3643 2666 non
3692 2593 3841 2668 sine
3890 2621 4131 2672 caussa

1072 2713 1282 2790 timor
1323 2711 1524 2787 nobis
1570 2711 1989 2800 incesserat,
2035 2735 2124 2785 ne
2185 2718 2467 2810 propter
2530 2708 2825 2783 eandem
2868 2733 3184 2785 caussam
3226 2710 3438 2786 etiam
3478 2710 3929 2792 abdicaturus
3962 2715 4128 2792 fuis-

1075 2858 1183 2908 ses
1247 2856 1537 2907 munere
1603 2831 1982 2906 curatoris.
2086 2831 2321 2907 Quem
2394 2835 2629 2902 tamen
2698 2830 3017 2903 timorem
3077 2855 3301 2929 quum
3348 2854 3601 2906 vanum
3658 2859 3809 2910 esse
3860 2837 4127 2914 audire-

1045 2975 1275 3047 muS‚
1342 2951 1457 3026 vix
1526 2950 1664 3026 dici
1726 2956 1956 3050 potest
2002 2953 2431 3049 quantopere
2477 2947 2714 3023 laetati
2760 2947 3019 3039 simus,
3072 2973 3293 3050 quum
3342 2949 3731 3031 videremus
3780 2957 4129 3037 neminem

1076 3095 1259 3160 esse,
1298 3072 1470 3171 quin
1514 3095 1643 3145 suo
1687 3070 1911 3171 pretio
1961 3069 2357 3145 aestimaret
2406 3094 2485 3143 ea
2507 3127 2526 3157 ‚
2579 3093 2755 3168 quae
2806 3094 2849 3144 a
2896 3078 2967 3143 te
3011 3069 3193 3147 facta
3240 3078 3405 3147 sunt
3442 3072 3516 3148 in
3565 3076 3971 3174 gravissimo
4010 3080 4129 3157 illo

1075 3215 1366 3267 munere
1435 3189 1625 3290 quod
1683 3197 1825 3265 tam
1883 3189 2144 3265 multos
2199 3212 2420 3264 annos
2480 3214 2643 3263 oum
2700 3190 3015 3267 omnium
3057 3190 3509 3267 admiratione
3547 3218 3881 3294 gesseras.
3980 3202 4129 3277 Nec

1075 3312 1264 3387 enim
1331 3311 1520 3411 Regi
1583 3310 2109 3411 Angustissimo
2173 3316 2453 3384 tantum
2512 3309 2774 3409 placuit
2820 3334 3062 3386 ornare
3110 3319 3181 3387 te
3230 3312 3433 3387 titulo
3455 3372 3475 3402 ,
3526 3316 3652 3413 qui
3694 3320 3803 3395 vel
3850 3320 4127 3398 ultimos

1074 3439 1412 3533 nepotum
1479 3439 1766 3531 nepotes
1816 3430 2070 3530 poterit
2119 3430 2489 3506 admonere
2508 3484 2527 3521 ,
2594 3455 2775 3529 quae
2820 3439 2892 3505 et
2933 3441 3196 3531 quanta
3236 3442 3363 3509 tua
3406 3434 3665 3511 fuerint
3706 3438 3781 3513 in
3834 3442 4127 3541 patriam

1075 3551 1322 3627 merita
1343 3609 1364 3639 ‚
1438 3550 1560 3625 sed
1617 3551 1917 3625 Ordines
1969 3549 2428 3625 Provinciale's
2475 3550 2545 3625 in
2601 3558 2671 3625 te
2722 3550 3121 3627 detulerunt
3168 3552 3573 3629 mandatum
3596 3615 3617 3646 ,
3668 3560 3856 3657 quod
3909 3562 3999 3637 ab
4040 3563 4124 3639 iis

1075 3669 1390 3746 mandari
1452 3675 1722 3770 poterat
1783 3669 2271 3769 gravissimum
2291 3726 2310 3755 ,
2385 3676 2466 3742 ut
2532 3669 2603 3743 in
2682 3670 2973 3745 Camera
3040 3672 3275 3749 Prima
3342 3675 3625 3752 consilio
3688 3687 3899 3779 atque
3962 3708 4121 3782 pru-

1076 3780 1309 3866 dentia
1359 3799 1482 3865 tua
1531 3789 1742 3865 saluti
1790 3788 2054 3890 patriae
2102 3788 2543 3889 prospiceres.

1171 3911 1272 3985 'I'e
1339 3918 1572 3986 autem
1598 3969 1617 3998 ,
1691 3910 2144 4010 Amplissime
2207 3929 2591 3995 rnuarsn,
2643 3908 2889 4006 quanti
2932 3909 3363 4001 aestimaret,
3416 3923 3899 4019 quantumque
3944 3922 4121 3999 facta

1075 4035 1198 4103 tua
1271 4035 1344 4101 et
1411 4026 1694 4102 consilia
1764 4028 2166 4126 comprobet
2228 4026 2381 4099 Rex
2428 4024 2918 4101 dilectissimus
2938 4084 2958 4115 ,
3032 4027 3263 4105 denuo
3324 4036 3649 4134 apparuit
3716 4064 3797 4113 ex
3868 4042 4120 4120 honore

1074 4170 1298 4247 nuper
1346 4148 1416 4220 in
1468 4156 1538 4221 te
1589 4146 1820 4221 delato
1840 4204 1860 4235 ,
1910 4170 2122 4246 quem
2170 4145 2302 4220 tibi
2350 4171 2437 4220 ex
2486 4146 2717 4220 animo
2764 4146 3216 4245 gratulamur.

1176 4270 1255 4341 In
1306 4273 1531 4340 vestro
1581 4273 1818 4340 autem
1867 4267 2106 4340 ordine
2130 4323 2151 4352 ‚
2223 4262 2375 4338 Viri
2420 4264 2892 4366 Amplissimi‚
2950 4265 3089 4342 non
3138 4248 3285 4344 sine
3331 4272 3585 4350 doloris
3632 4301 3841 4354 sensu
3890 4282 4116 4361 locum

1077 4388 1393 4463 videmus
1438 4410 1730 4462 vacuum
1756 4445 1777 4474 ,
1828 4412 2040 4486 quem
2082 4384 2478 4484 nuperrime
2522 4393 2974 4484 occupaverat
3017 4387 3170 4477 illo,
3222 4415 3363 4490 quo
3412 4393 3697 4491 quidem
3740 4422 3879 4476 non
3920 4402 4115 4481 facile

1073 4507 1440 4608 quisquam
1513 4506 1786 4606 dignior
1859 4506 2087 4581 fuerat
2109 4563 2129 4594 ,
2203 4504 2326 4603 qui
2398 4528 2710 4579 nnzaoro
2782 4506 3199 4583 succederet.
3308 4511 3573 4589 Locum
3621 4516 3809 4595 hunc
3858 4524 4115 4603 scilicet

1070 4626 1351 4726 reliquit
1389 4626 1886 4701 Nobilissimus
1936 4650 2085 4701 vm
2132 4647 2513 4713 numm,
2586 4626 2709 4725 qui
2761 4649 3183 4725 quamquam
3239 4629 3432 4709 brevi
3480 4642 3753 4713 tantum
3804 4648 4111 4745 tempore

1071 4747 1422 4823 vobiscum
1496 4746 1668 4837 fuit,
1741 4748 1848 4821 vel
1917 4748 2014 4822 sio
2067 4756 2298 4823 tamen
2359 4750 2621 4847 optime
2676 4747 2965 4822 meritus
3014 4758 3121 4825 est
3168 4750 3257 4825 de
3299 4752 3678 4831 Academia
3727 4758 4109 4862 Lugduno-
