4728 5991
1194 1315 1658 1376 ACADEMIAE
1733 1314 2519 1376 LUGDUNo-BATAVAE
2598 1318 3107 1389 CURATORES‚
3172 1319 3745 1392 PROFESSORES,

1275 1418 1535 1491 clVssS,
1590 1416 2034 1480 QUOTQUOT
2089 1419 2196 1476 AD
2251 1417 2653 1478 SOLEMNIA
2720 1421 2934 1482 HAEC
2992 1421 3519 1484 CELEBRANDA
3562 1423 3750 1484 CON-

1281 1520 1672 1591 VENISTIS,
1718 1517 2166 1580 AUDITORES
2208 1519 2771 1582 HUMANISSIMI.

807 1925 945 1999 Vix
991 1948 1414 2022 quemquam
1461 1931 1764 1998 vestrum
1814 1949 1966 1999 esse
2015 1924 2346 2011 arbitror,
2408 1925 2823 2014 Auditores,
2875 1927 3043 2024 quin
3100 1927 3343 2027 legerit
3378 1927 3755 2025 aliquando

709 2067 996 2118 aureum
1055 2043 1249 2117 illum
1302 2065 1684 2116 crenaoms
1741 2042 2094 2132 libellum,
2161 2069 2302 2142 quo
2348 2055 2420 2117 et
2470 2070 2543 2120 se
2590 2045 2821 2144 ipsum
2875 2057 2946 2119 et
2993 2047 3294 2121 amicum
3359 2071 3562 2120 suum
3612 2046 3754 2124 fere

709 2163 1064 2262 aequalem
1089 2221 1110 2250 ‚
1177 2169 1300 2236 aut
1373 2162 1510 2236 iam
1561 2164 1874 2260 urgentis
1932 2171 2057 2238 aut
2115 2173 2299 2238 certe
2351 2164 2787 2240 adventantis
2844 2166 3217 2240 senectutis
3266 2191 3470 2240 onere
3507 2166 3753 2250 ‚levare

710 2292 998 2359 conatus
1069 2290 1194 2357 est.
1315 2282 1526 2361 Quod
1595 2291 2086 2380 argumentum
2161 2284 2220 2356 si
2289 2293 2525 2358 nostra
2593 2293 2820 2360 aetate
2890 2286 3261 2384 explicaret
3323 2286 3755 2384 eloquentiae

711 2427 1034 2478 romanae
1095 2402 1453 2500 princepS‚
1527 2425 1734 2474 senex
1783 2402 1874 2474 ad
1925 2425 2158 2475 senem
2217 2401 2561 2490 scribens,
2610 2427 2744 2476 non
2799 2404 3095 2478 dubium
3146 2413 3287 2494 est,
3338 2406 3507 2504 quin
3564 2403 3755 2505 quod

711 2522 918 2596 verbo
966 2531 1238 2596 tantum
1289 2519 1562 2618 attigit,
1615 2519 1934 2618 pluribus
1984 2520 2424 2620 expositurus
2465 2530 2647 2595 esset
2696 2521 2783 2596 de
2828 2531 3184 2597 senectute
3222 2525 3499 2598 vidente
3534 2524 3757 2600 multa

711 2667 892 2743 quae
943 2640 1176 2716 videre
1225 2639 1393 2714 vult.
1490 2639 1734 2717 Quid?
1783 2648 1906 2714 aut
1961 2661 2090 2738 ego
2143 2639 2380 2729 fallor,
2430 2648 2555 2714 aut
2606 2649 2790 2716 certe
2845 2641 3117 2716 locutus
3171 2651 3354 2717 esset
3410 2642 3499 2717 de
3548 2643 3755 2718 innu-

711 2761 957 2849 meriS‚
1020 2784 1199 2859 quae
1265 2759 1392 2836 hac
1445 2767 1680 2835 nostra
1741 2767 1964 2835 aetate
2025 2760 2208 2838 faeta
2269 2767 2472 2848 sunt,
2542 2760 2795 2836 artium
2860 2761 3467 2860 doctrinarumque
3534 2762 3753 2838 incre·

710 2881 966 2956 mentis
1038 2881 1265 2980 deque
1327 2881 1602 2955 infinito
1669 2905 1960 2955 numero
2027 2903 2304 2969 eorum,
2368 2905 2549 2978 quae
2614 2880 2876 2980 ingenii
2947 2881 3236 2956 humani
3298 2882 3634 2981 sagacitas
3678 2882 3752 2956 in

711 3026 942 3077 rerum
998 3009 1248 3075 natura
1295 3010 1419 3076 aut
1464 3026 1702 3077 recens
1747 3001 2051 3090 invenit,
2101 3008 2225 3075 aut
2272 3001 2542 3076 dudum
2596 3002 2877 3077 iuventa
2920 3024 3109 3076 nunc
3150 3002 3436 3077 demum
3476 3002 3755 3102 planius

713 3120 1098 3221 intelligere
1161 3121 1418 3219 coepit3
1506 3146 1592 3195 ex
1661 3144 1960 3219 quorum
2019 3120 2332 3195 omnium
2404 3120 2663 3195 ratione
2720 3121 2877 3219 quis
2942 3128 3051 3195 est
3123 3121 3247 3219 qui
3318 3144 3458 3197 non
3526 3122 3757 3197 videat

712 3239 1034 3315 facillime
1086 3264 1288 3340 posse
1332 3239 1696 3340 explicari,
1758 3264 1970 3339 quam
2034 3240 2381 3339 praeclara
2424 3238 2815 3315 conditione
2865 3266 2909 3316 a
2950 3240 3289 3339 Supremo
3345 3242 3497 3317 Deo
3544 3266 3753 3341 gene·

713 3367 906 3435 ratus
977 3360 1069 3434 sit
1138 3358 1366 3465 homo.
1467 3360 1816 3459 Equidem
1881 3368 2066 3435 certe
2127 3359 2396 3434 felicem
2446 3382 2559 3433 me
2623 3359 3014 3458 praedicare
3074 3358 3258 3434 soleo
3276 3418 3297 3447 ,
3358 3360 3481 3459 qui
3528 3359 3755 3437 dicere

715 3480 1011 3578 possim:
1053 3504 1210 3554 mea
1246 3488 1471 3556 aetate
1511 3480 1872 3555 inventum
1914 3488 2059 3567 est,
2103 3486 2185 3553 ut
2223 3484 2419 3553 vasta
2450 3478 2570 3552 illa
2614 3478 2888 3577 navigia
2908 3537 2928 3565 ,
2976 3478 3047 3551 in
3098 3479 3565 3554 aedificiorum
3606 3504 3753 3555 mo-

720 3599 887 3673 dum
935 3606 1247 3673 extructa
1272 3657 1290 3686 ,
1342 3601 1644 3675 adversis
1669 3598 1999 3674 fluctibus
2040 3598 2401 3697 ventisque
2424 3656 2445 3685 ,
2486 3598 2727 3697 paucis
2767 3597 3017 3673 diebus
3044 3598 3134 3673 ad
3172 3598 3457 3673 alteram
3494 3599 3757 3675 Oceani

717 3741 904 3792 oram
951 3717 1422 3817 perferantur3
1475 3744 1630 3793 mea
1675 3728 1900 3794 aetate
1948 3720 2312 3792 inventum
2359 3726 2503 3806 est,
2550 3726 2630 3792 ut
2663 3718 2839 3792 ferro
2879 3718 3119 3793 ordine
3158 3717 3492 3817 disposito
3515 3742 3754 3792 omnes

716 3838 1036 3935 Europae
1085 3846 1316 3937 partes
1365 3846 1437 3913 et
1482 3838 1817 3913 divitibus
1865 3848 1935 3913 et
1980 3836 2503 3937 pauperioribus
2552 3836 2957 3911 brevissimo
3007 3846 3314 3934 tempore
3362 3860 3755 3935 percurrere

605 4034 616 4043 ,
717 3955 956 4044 liceat;
1027 3982 1184 4031 mea
1254 3966 1478 4033 aetate
1539 3958 1898 4033 inventum
1946 3965 2090 4047 est,
2143 3965 2225 4032 ut
2272 3982 2393 4043 ea,
2442 3980 2621 4055 quae
2664 3962 2941 4029 tantum
2990 3953 3273 4028 luminis
3326 3954 3753 4035 velocitatem

717 4098 857 4149 non
927 4084 1250 4174 superet,
1323 4078 1670 4152 celeritate
1718 4078 1810 4153 ad
1858 4078 2182 4151 ultimum
2243 4085 2579 4150 terrarum
2628 4074 2869 4149 orbem
2924 4074 3131 4149 verba
3186 4082 3418 4149 nostra
3471 4074 3755 4173 perduci

719 4190 1008 4291 possint.
1111 4192 1294 4266 Sunt
1363 4194 1571 4268 etiam
1637 4193 1809 4268 alia:
1881 4202 2116 4267 nostra
2181 4192 2367 4266 enim
2429 4198 2655 4266 aetate
2712 4193 3071 4268 inventum
3126 4206 3270 4282 est,
3326 4203 3405 4269 ut
3451 4194 3755 4295 operatio

719 4312 788 4387 in
861 4334 1142 4409 corpore
1205 4310 1356 4385 vito
1381 4370 1402 4399 ,
1479 4336 1660 4409 quae
1722 4311 1888 4386 olim
1959 4335 2096 4385 non
2165 4311 2302 4385 nisi
2374 4310 2784 4386 intolerabili
2854 4313 3086 4387 dolore
3153 4314 3387 4412 perfici
3448 4320 3754 4413 poterat,

719 4454 904 4505 nunc
963 4429 1110 4503 sine
1180 4430 1322 4503 ullo
1387 4430 1528 4506 fere
1589 4431 2011 4531 aegrotantis
2077 4430 2350 4530 gemitu
2414 4430 2839 4529 perficiatur-3
2918 4442 3151 4507 nostra
3218 4441 3441 4508 aetate
3519 4432 3755 4507 inven-

722 4558 870 4625 tum
946 4558 1093 4636 est,
1160 4557 1242 4623 ut
1313 4575 1546 4625 rerum
1623 4552 1962 4650 imagines
2025 4550 2126 4625 ita
2197 4551 2628 4650 excipiantur
2690 4559 3152 4651 exceptaeque
3204 4560 3560 4627 serventur
3583 4609 3601 4638 ,
3680 4560 3758 4625 ut

720 4693 763 4742 a
836 4692 987 4743 sera
1048 4668 1448 4767 posteritate
1499 4672 1802 4768 conspici
1847 4669 2151 4771 possint3
2225 4678 2461 4745 nostra
2524 4676 2749 4746 aetate
2799 4672 3159 4745 inventum
3218 4682 3360 4758 est,
3392 4679 3496 4744 ·ut
3543 4670 3666 4769 qui
3716 4695 3760 4745 a

723 4787 1137 4863 coelestibus
1205 4790 1605 4889 corporibus
1675 4790 1849 4865 lucis
1921 4789 2097 4864 radii
2147 4797 2405 4864 exeunt
2454 4814 2589 4866 non
2643 4790 2897 4865 frustra
2949 4790 3459 4889 interrogentur
3500 4790 3589 4864 de
3640 4813 3759 4863 na·
