4728 5991
1590 607 1888 674 ORDO
1952 605 2614 676 Lucrlonun.
3493 602 3626 674 809

668 827 1157 890 GERHARDUS
1194 825 1573 890 DIEPHUIS
1618 815 1755 891 Ius
1790 817 1991 892 civile
2023 812 2439 890 hodiernum
2469 812 2697 890 tradet
2719 811 2834 889 die
2863 812 3194 888 Mercurii
3212 872 3235 903 ,
3283 811 3452 888 hora
3479 811 3585 888 XI
3603 871 3628 904 ,

572 931 821 1008 diebus
865 930 1041 1008 Iovis
1056 991 1077 1022 ,
1128 931 1421 1008 Veneris
1458 939 1535 1008 et
1582 932 1911 1023 Saturni,
1960 933 2131 1010 hora
2176 932 2345 1022 XII;
2395 932 2530 1008 Ius
2571 935 3038 1010 mercator-ium
3091 931 3465 1033 explicabit
3508 931 3624 1008 die

568 1051 901 1127 Mercurii
919 1111 940 1142 ,
1010 1051 1181 1128 hora
1246 1051 1381 1128 XII
1438 1059 1511 1129 et
1556 1052 1621 1142 1,
1688 1052 1803 1127 die
1860 1051 2181 1143 Saturni,
2252 1051 2424 1128 hora
2463 1051 2603 1141 XI;
2666 1051 2756 1128 de
2799 1053 3097 1130 Iudiciis
3123 1055 3423 1152 privatis
3461 1059 3626 1154 aget

570 1169 820 1247 diebus
868 1171 1044 1248 Iovis
1065 1230 1086 1261 ,
1134 1171 1428 1249 Veneris
1479 1181 1553 1249 et
1602 1173 1925 1264 Saturni,
1974 1173 2145 1249 hom
2188 1175 2237 1249 I.

662 1302 1143 1364 ammanus
1184 1303 1637 1366 noum-rcus
1679 1305 2103 1366 numurus
2142 1301 2570 1366 mmmm
2625 1292 3089 1368 oeconomiam
3107 1293 3464 1392 politicam
3497 1292 3621 1368 do-

568 1407 751 1485 cebit
824 1409 939 1486 die
996 1410 1277 1499 Lunae,
1341 1410 1511 1486 hora
1558 1410 1691 1486 XII
1741 1419 1814 1487 et
1860 1413 1931 1501 1,
1992 1412 2107 1488 die
2158 1409 2490 1499 Veneris,
2553 1409 2723 1486 hora
2767 1410 2880 1500 X;
2944 1413 3076 1488 Ius
3113 1414 3414 1514 ‚centium
3435 1470 3456 1501 ,
3507 1411 3622 1487 die

566 1524 856 1619 Martia,
918 1529 1085 1606 hora
1146 1527 1280 1604 XII
1354 1538 1427 1606 et
1496 1532 1571 1620 I,
1639 1531 1752 1607 die
1825 1530 2153 1621 Veneria,
2224 1529 2398 1606 hora
2441 1529 2583 1620 x1;
2647 1529 2779 1606 Ius
2805 1531 3191 1630 publicum,
3241 1531 3356 1607 die
3402 1531 3618 1621 Iovia,

565 1647 731 1724 hora
781 1647 856 1723 X
904 1656 977 1723 et
1024 1649 1129 1724 XI
1146 1707 1167 1738 ,
1218 1649 1333 1724 die
1380 1647 1673 1725 Veneris
1692 1707 1713 1739 ,
1766 1648 1935 1724 hora
1984 1648 2107 1725 IX.

660 1835 1277 1938 Disputationibue
1340 1836 1637 1937 publicis
1694 1845 1768 1912 et
1820 1835 2108 1937 privatis
2154 1836 2476 1911 lubenter
2523 1843 2894 1936 praeerunt
2941 1836 3114 1914 Iuris
3166 1837 3613 1916 ProfessoreS.

1506 2057 1619 2132 IN
1664 2051 2235 2131 FACULTATE
2284 2053 2693 2130 MEDICA.

654 2257 1001 2323 neonus
1040 2261 1309 2322 ΒΑΑΒΤ
1350 2260 1455 2321 nn
1496 2261 1602 2324 LA
1640 2261 1929 2323 mmm
1989 2248 2240 2322 diebus
2292 2247 2629 2324 Mercurii
2697 2256 2770 2323 et
2823 2249 2998 2324 Iovis
3018 2308 3039 2339 ,
3091 2250 3259 2328 hora
3302 2248 3458 2323 Vlll
3478 2307 3499 2339 ,
3550 2257 3624 2324 et

560 2367 887 2457 Saturni,
960 2367 1128 2443 hora
1192 2365 1293 2442 IX
1313 2426 1334 2457 ,
1408 2367 1531 2444 sed
1603 2377 1763 2468 post
1834 2367 2037 2444 feriae
2096 2367 2466 2445 Paschalea
2539 2366 2790 2445 diebus
2855 2369 3226 2459 Mercurii,
3297 2369 3474 2444 Iovis
3547 2377 3622 2444 et

556 2486 881 2577 Saturni,
935 2487 1101 2562 hora
1150 2485 1343 2576 VIII,
1394 2490 1630 2564 Artem
1684 2491 2160 2566 Obetetrieiam
2209 2489 2672 2564 Theoreticam
2725 2497 2798 2564 et
2846 2489 3238 2565 Prae-ticam
3278 2496 3578 2588 exponet
3592 2548 3614 2579 ,

554 2612 627 2680 et
684 2605 761 2680 in
823 2605 1243 2680 Nosocomio
1292 2605 1383 2706 ad
1426 2607 1961 2705 parturientium
2011 2609 2225 2684 lectos
2263 2607 2562 2707 practice
2605 2607 2968 2699 instituet3
3033 2608 3284 2685 diebus
3331 2609 3575 2685 Lunae
3591 2668 3612 2699 ,

552 2723 805 2798 Martia
866 2735 940 2799 et
997 2724 1323 2815 Saturni,
1391 2724 1561 2801 hora
1604 2725 1801 2814 VIII,
1871 2726 2281 2824 Therapiam
2344 2727 2728 2824 Specialem
2775 2727 3174 2802 morborum
3223 2727 3492 2817 tradet,
3543 2735 3616 2802 et

551 2850 713 2942 post
768 2842 976 2920 ferias
1040 2845 1409 2922 Paschales
1474 2845 1725 2922 diebus
1792 2845 2033 2920 Lunae
2052 2903 2073 2934 ,
2140 2845 2394 2920 Martis
2413 2904 2434 2935 ,
2500 2845 2832 2922 Mercurii
2851 2906 2872 2937 ,
2937 2847 3114 2922 Iovis
3133 2904 3154 2936 ,
3202 2845 3496 2922 Veneris
3541 2853 3615 2922 et

554 2962 872 3055 Saturni,
944 2963 1111 3042 hora
1174 2964 1333 3041 VII:
1413 3008 1511 3026 —
1580 2963 1829 3041 diebus
1896 2965 2139 3059 Lunae
2202 2973 2274 3041 et
2331 2964 2670 3045 Mercurii
2689 3024 2710 3055 ,
2778 2963 2948 3043 hora
2999 2963 3104 3041 IX
3123 3024 3146 3055 ,
3197 2967 3615 3042 Medicinam

552 3086 913 3161 Forenaem
960 3086 1278 3176 docebit;
1330 3086 1579 3162 diebus
1618 3084 1861 3161 Lunae
1880 3142 1903 3175 ,
1952 3084 2324 3176 Mercurii,
2375 3084 2554 3162 Iovis
2596 3092 2668 3161 et
2707 3086 3027 3176 Saturni,
3082 3085 3250 3163 hora
3273 3085 3611 3177 x-xn,

550 3204 804 3281 Martis
854 3213 929 3281 et
975 3205 1268 3281 Veneris
1287 3265 1308 3296 ,
1374 3206 1518 3302 VJ}
1564 3205 1956 3306 vespertina
1972 3264 1993 3296 ,
2058 3204 2134 3283 in
2182 3206 2601 3283 Nosocomio
2644 3205 3062 3283 Academico
3115 3208 3377 3282 clinicie
3423 3232 3615 3283 eccer-

553 3326 987 3401 citationibus
1026 3325 1322 3402 vacabit.

646 3456 1141 3539 FBANCISOUS
1182 3456 1633 3519 zAcHARme
1671 3456 2083 3519 nummus
2124 3446 2602 3545 Patboloyiam
2629 3448 3016 3548 ρεπεναῖεηι
3055 3444 3330 3521 docebit
3361 3444 3614 3521 diebus

548 3563 831 3654 Lunae,
882 3565 1135 3640 Martis
1156 3625 1177 3654 ,
1243 3564 1615 3655 Mercurii,
1674 3566 1849 3641 Iovis
1897 3574 1969 3641 et
2014 3566 2339 3655 Saturni,
2390 3564 2561 3640 hora
2614 3563 2716 3639 IX
2734 3598 2755 3654 ;
2809 3565 3262 3665 Hietoloyiam
3286 3622 3307 3653 ,
3358 3562 3610 3639 diebus

546 3683 792 3760 Lunae
809 3743 829 3774 ‚
900 3684 1233 3761 Mercurii
1280 3693 1353 3760 et
1395 3685 1569 3761 Iovis
1588 3744 1609 3775 ,
1658 3684 1829 3760 hora
1878 3684 2020 3773 X1;
2072 3688 2500 3761 Anatomiam
2528 3685 3032 3783 patholoyicam
3049 3741 3070 3772 ,
3120 3682 3370 3759 diebus
3414 3683 3606 3758 Mar·

548 3803 676 3893 tia,
727 3804 897 3879 hora
952 3804 1025 3879 X
1047 3864 1067 3893 ,
1118 3814 1190 3880 et
1236 3806 1563 3894 Veneris,
1614 3804 1781 3880 hora
1818 3804 1974 3879 VIII
2019 3812 2091 3879 et
2134 3802 2230 3881 X.
2330 3805 2964 3879 Eoeercitationibue
3024 3803 3284 3877 clinicie
3334 3802 3406 3877 in
3457 3802 3602 3876 No-

549 3924 851 4000 socomio
898 3924 1211 4023 quotidie
1261 3924 1571 4014 vacabit,
1620 3925 1790 4000 hora
1836 3926 1897 3999 Ι.

642 4054 892 4114 IANUS
932 4056 1257 4117 HISSINK
1298 4056 1600 4117 IANSEN
1653 4045 2079 4143 Chirurqiam
2137 4040 2418 4118 docebit
2473 4039 2723 4116 diebus
2777 4040 3062 4131 Martis,
3127 4038 3304 4115 Iovis
3347 4046 3418 4113 et
3458 4039 3596 4114 Ve-

546 4160 731 4236 neris
753 4218 774 4250 ,
824 4160 995 4237 hora
1036 4162 1137 4238 IX
1160 4223 1179 4253 ,
1231 4170 1303 4239 et
1348 4172 1508 4263 post
1554 4162 1757 4239 ferias
1803 4161 2170 4237 Paschales
2217 4162 2428 4237 etiam
2481 4160 2595 4236 die
2638 4160 2958 4249 Saturni,
3011 4160 3180 4236 hora
3223 4158 3324 4234 IX
3339 4192 3358 4249 3
3415 4160 3597 4235 Doc-

546 4283 797 4355 trinam
856 4282 943 4356 de
1016 4284 1262 4357 morbis
1326 4284 1657 4357 oculorum
1720 4280 1946 4356 tradet
2008 4279 2259 4355 diebus
2326 4277 2656 4373 Mercurii
2699 4286 2772 4353 et
2811 4277 3128 4367 Saturni,
3195 4276 3363 4353 hora
3418 4275 3554 4352 XII
3569 4311 3590 4367 3

558 4402 839 4475 Clinicie
912 4404 1507 4478 exercitationibue
1574 4400 1647 4477 in
1718 4400 2174 4476 Nosocomico
2229 4399 2648 4476 Academico
2700 4398 2968 4475 vacabit
3015 4398 3264 4473 diebus
3307 4395 3550 4472 Lunae
3568 4456 3589 4487 ,

544 4518 835 4608 Martis,
886 4521 1063 4595 Iovis
1109 4529 1180 4595 et
1220 4520 1512 4597 Veneris
1530 4578 1553 4611 ,
1603 4519 1771 4596 hora
1819 4520 1985 4609 X11;
2038 4526 2416 4596 Anatomen
2461 4520 2758 4621 corpori&
2799 4519 3073 4594 humani
3106 4524 3402 4616 exponet
3443 4515 3587 4591 die·

544 4636 679 4712 bue
726 4638 1097 4729 Mercurii,
1149 4641 1323 4716 Iovis
1342 4699 1363 4731 ,
1413 4639 1705 4715 Veneris
1744 4648 1816 4715 et
1856 4640 2177 4730 Saturni,
2231 4638 2400 4714 hora
2431 4637 2527 4711 IV
2536 4670 2556 4728 3
2608 4640 3152 4714 Dieaectionibue
3189 4638 3586 4712 cadaverum

542 4758 943 4835 anatomieie
984 4767 1292 4860 tempore
1338 4766 1729 4861 opportuno
1772 4759 2221 4836 instituendis
2269 4757 2582 4858 quotidie
2625 4758 2942 4858 praeerit.
