4728 5991
1872 568 2432 638 ORATIO.
3547 569 3682 638 211

630 782 1089 868 erubescant,
1156 803 1277 880 cor
1344 777 1479 854 sibi
1550 778 2003 854 christianum
2020 835 2041 868 ,
2112 776 2646 878 intelligentiam
2703 799 2860 852 vero
2911 775 3256 854 ethnicam
3311 801 3464 852 esse
3478 835 3499 867 ,
3549 777 3680 852 hac

634 903 707 976 in
780 927 857 976 re
924 922 1225 990 ucomo
1249 957 1269 986 ,
1335 897 1755 998 Philosophc
1806 901 2155 974 Germano
2176 955 2198 988 ,
2248 897 2440 976 haud
2483 895 2882 996 inaequales
2942 897 3260 996 querenti
3281 956 3302 988 ,
3355 923 3428 972 se
3473 897 3678 997 quasi

632 1028 969 1122 perpetuo
1018 1017 1353 1093 fluctibus
1394 1017 1683 1093 diversis
1724 1018 1965 1118 jactari
1987 1077 2008 1107 ‚
2060 1041 2359 1117 quorum
2402 1017 2555 1092 aliis
2603 1041 2882 1092 sursum
2930 1016 3224 1092 ferretur
3243 1075 3268 1106 ‚
3316 1016 3469 1092 aliis
3517 1041 3676 1092 vero

632 1140 977 1216 deorsum.
1080 1137 1277 1217 Quid
1338 1137 1641 1224 mirum,
1711 1163 1935 1236 quum
2004 1137 2502 1237 quamplurimi
2563 1160 2704 1212 non
2751 1145 3028 1212 tantum
3077 1136 3167 1212 de
3211 1136 3300 1212 iis
3349 1137 3676 1212 haereant

632 1259 875 1334 incerti
896 1317 917 1348 ,
991 1283 1171 1357 quae
1240 1257 1331 1332 ad
1400 1257 1805 1356 religionem
1876 1257 2339 1334 Christianam
2364 1315 2386 1346 ,
2459 1255 2585 1330 sed
2649 1255 2738 1332 de
2805 1256 2893 1332 iis
2955 1281 3234 1356 quoque
3256 1314 3279 1346 ‚-
3349 1281 3528 1355 quae
3581 1256 3675 1332 ad

634 1403 911 1454 omnem
978 1378 1120 1452 veri
1170 1376 1472 1452 nominis
1518 1377 1907 1476 reltjqiouem
1955 1378 2318 1476 hucusque
2360 1375 2597 1452 referri
2641 1375 2956 1452 solerent.
3057 1375 3332 1475 Reliqt‘o
3377 1377 3566 1452 enim
3613 1375 3673 1450 si

632 1496 920 1596 cogitari
968 1496 1258 1595 nequit,
1324 1496 1449 1570 ubi
1496 1495 1635 1570 Dei
1675 1497 2113 1573 existentiam
2149 1497 2580 1596 personalem
2601 1552 2624 1584 ‚
2670 1495 2720 1571 i.
2767 1520 2828 1572 e.
2881 1493 3019 1570 sibi
3067 1494 3420 1589 consciam
3459 1503 3672 1592 atque

635 1617 918 1692 liberam
944 1675 965 1705 ,
1036 1616 1383 1692 sublatam
1455 1616 1769 1692 videmus
1792 1675 1811 1706 ,
1877 1617 2031 1716 ipsa
2100 1615 2377 1716 Religio
2445 1615 2899 1690 imminuatur
2970 1638 3248 1690 necesse
3316 1621 3424 1690 est
3445 1671 3465 1703 ,
3545 1613 3672 1688 ubi

635 1736 1063 1816 Panthe‘ismi
1133 1759 1427 1836 regnum
1496 1735 1775 1835 incepit.
1872 1737 1940 1810 A
2010 1735 2462 1811 Panthe'ismo
2526 1741 2766 1809 autem
2833 1756 3048 1832 quam
3125 1759 3374 1833 parum
3441 1733 3671 1808 adhuc

634 1857 879 1930 remoti
924 1856 1067 1930 sint
1109 1855 1249 1945 illi,
1296 1855 1423 1954 qui
1470 1855 1649 1931 vires
1691 1863 1978 1931 naturae
2018 1854 2265 1931 insitas
2311 1878 2450 1930 non
2503 1852 2802 1954 amplius
2856 1878 2899 1928 a
2945 1853 3080 1929 Dei
3128 1855 3482 1930 voluntate
3528 1851 3668 1926 dis·

632 1975 966 2075 tinguant
989 2033 1010 2063 ‚
1060 1973 1215 2050 aliis
1257 1973 1785 2049 diiudicandum
1838 1974 2179 2074 relinquo.
2274 1974 2462 2050 Mihi
2507 1972 2792 2071 quidem
2837 1973 2900 2047 si
2943 1973 3260 2064 creditis,
3309 1973 3466 2048 talis
3513 1996 3669 2071 pro-

631 2094 809 2169 fecto
861 2093 1321 2194 pantheistica
1364 2094 1711 2169 Creatoris
1752 2104 1824 2168 et
1870 2095 2245 2192 Creaturae
2291 2094 2476 2170 fusio
2535 2092 2726 2168 haud
2766 2091 3002 2170 minus
3050 2101 3158 2168 est
3208 2091 3628 2192 deploranda
3647 2148 3668 2181 ,

630 2237 841 2312 quam
908 2213 1247 2288 libertatis
1310 2213 1587 2288 moralis
1652 2222 1865 2314 atque
1922 2213 2464 2290 immortalitatis
2525 2213 2741 2288 animi
2796 2212 3163 2313 denegatio
3185 2271 3206 2302 ‚
3265 2213 3410 2290 sive
3467 2211 3669 2286 dissi-

630 2333 891 2408 mulata
932 2333 1082 2408 sive
1133 2332 1393 2408 directa
1414 2389 1434 2421 ,
1485 2358 1667 2432 quae
1708 2334 1965 2410 iterum
2008 2333 2163 2410 aliis
2208 2333 2578 2434 Theologis
2621 2331 2865 2433 placet.
2965 2333 3184 2409 Estne
3233 2333 3426 2408 Deus
3445 2392 3466 2422 ‚
3516 2358 3670 2432 per·

630 2452 883 2527 nonalis
904 2509 927 2541 ‚
998 2451 1137 2526 sihi
1206 2453 1520 2528 conscius
1542 2511 1563 2541 ‚
1634 2452 1847 2528 libere
1909 2478 2167 2554 agens3
2240 2461 2438 2530 estne
2497 2452 2774 2528 animus
2825 2451 3176 2528 humanus
3197 2509 3218 2542 ,
3287 2479 3330 2528 a
3385 2454 3674 2528 materia

630 2597 779 2648 vere
856 2572 1227 2648 distinctus
1249 2631 1270 2662 ‚
1338 2573 1655 2648 libertate
1734 2574 2091 2674 praeditus
2108 2632 2128 2664 ,
2206 2595 2570 2674 nunquam
2649 2571 3028 2646 moriturus
3048 2575 3083 2646 P
3187 2571 3328 2648 His
3381 2573 3672 2672 aliisque

622 2691 1153 2791 quaestionibus
1200 2691 1391 2766 haud
1435 2693 1682 2793 pauci,
1737 2703 1954 2794 atque
1998 2695 2184 2770 inter
2224 2719 2345 2772 eos
2385 2691 2900 2770 honoratissimi
2951 2691 3352 2791 disciplinae
3398 2701 3674 2766 nostrae

622 2811 922 2886 cultores
964 2811 1065 2886 ita
1102 2809 1567 2910 respondent,
1622 2819 1700 2888 ut
1748 2811 2021 2888 facilius
2074 2811 2247 2912 quid
2294 2811 2431 2886 sibi
2473 2837 2606 2888 non
2651 2811 2966 2888 videatur
2985 2871 3006 2902 ‚
3057 2837 3272 2912 quam
3319 2805 3492 2911 quid
3537 2814 3676 2910 &psi

621 2931 930 3007 sentiant
952 2989 972 3021 ,
1046 2930 1211 3007 inde
1272 2931 1541 3007 efficere
1608 2932 1855 3033 possis.
1960 2933 2185 3024 crisi,
2256 2933 2628 3033 eidemque
2691 2930 3188 3009 subtilissimae
3205 2990 3229 3024 ‚
3291 2931 3673 3008 subiiciunt

623 3052 859 3127 omnia
879 3112 901 3141 ‚
972 3078 1153 3151 quae
1212 3053 1332 3127 alii
1391 3063 1654 3153 ponant
1728 3055 1835 3131 vel
1896 3062 2193 3154 negent;
2268 3053 2443 3153 quid
2499 3058 2736 3129 autem
2774 3052 2914 3152 ipsi
2955 3052 3169 3129 velint
3189 3110 3210 3142 ,
3259 3052 3462 3129 nobis
3505 3052 3674 3129 satis

620 3172 964 3247 incertum
1020 3172 1445 3273 relinquunt.
1566 3174 2019 3250 Immemores
2064 3198 2347 3273 prorsus
2398 3171 2728 3273 praeclari
2773 3171 2943 3249 dicti
2993 3172 3324 3249 Lutheri:
3415 3173 3672 3273 aspiri-

626 3299 773 3365 tum
834 3292 1167 3367 Sanctum
1220 3316 1665 3392 nequaquam
1718 3294 2096 3393 scepticum
2138 3318 2291 3369 esse
2309 3294 2382 3382 ,’'
2431 3316 2713 3369 omnem
2751 3291 2895 3369 fere
2937 3293 3452 3393 persuasionem
3497 3294 3674 3393 dog-

621 3411 949 3487 maticam
967 3468 989 3499 ,
1062 3436 1273 3511 quam
1348 3413 1537 3511 apud
1588 3412 1759 3488 alios
1814 3413 2053 3489 vident
2073 3472 2095 3503 ,
2165 3420 2662 3502 contemnunt,
2711 3418 3048 3511 tanquam
3103 3438 3290 3490 mere
3344 3413 3669 3489 subiecti·

626 3554 783 3605 vam
852 3538 1069 3629 atque
1138 3530 1637 3631 aprioristicam
1706 3533 1918 3610 illam.
2022 3534 2433 3610 Sraaussro
2503 3530 2858 3633 quondam
2924 3532 3104 3607 vitae
3162 3542 3322 3634 post
3375 3543 3670 3609 mortem

464 3664 497 3746 J
620 3648 897 3725 futurae
964 3674 1123 3749 spes
1186 3650 1473 3725 ultimus
1534 3650 1723 3727 visus
1788 3661 1895 3728 est
1952 3652 2173 3729 hostis
2194 3711 2217 3743 ‚
2286 3678 2495 3752 quem
2567 3650 2944 3751 Theologia
2991 3650 3402 3752 impugnare
3454 3654 3669 3727 debe·

624 3766 746 3842 bat
795 3770 881 3861 ι).
984 3768 1159 3843 Eius
1204 3768 1519 3868 cognatis
1556 3775 1769 3869 atque
1816 3770 2017 3847 sociis
2058 3796 2217 3848 vero
2264 3795 2470 3847 omne
2510 3770 2686 3846 illud
2709 3827 2732 3859 ‚
2782 3777 2867 3847 ut
2911 3770 3118 3847 verbo
3163 3770 3389 3847 dicam
3407 3830 3432 3861 ,
3476 3772 3668 3870 quod

620 3888 851 3987 Supra
902 3894 1227 3963 naturam
1282 3912 1433 3963 esse
1488 3896 1773 3988 apparet
1811 3892 1875 3983 Β)
1900 3948 1921 3980 ,
1973 3890 2263 3967 ultimus
2307 3890 2451 3966 iam
2492 3888 2816 3965 inimicus
2851 3895 2967 3965 est
2985 3948 3007 3977 ‚
3057 3914 3270 3989 quem
3315 3913 3454 3965 non
3511 3901 3664 3967 tan-

622 4015 775 4081 tum
846 4006 1007 4081 licet
1024 4065 1045 4096 ,
1116 4006 1261 4081 imo
1336 4031 1495 4083 vero
1558 4016 1835 4109 oportet
1905 4033 2307 4111 oppugnare
2324 4065 2346 4099 ,
2417 4006 2628 4083 nullis
2690 4030 2832 4083 non
2889 4006 3220 4083 adhibitis
3267 4008 3444 4084 telis.
3496 4010 3662 4085 Pro-

616 4124 800 4200 fecto
822 4182 841 4213 ,
916 4124 979 4199 si
1044 4126 1185 4200 ism
1258 4135 1463 4203 antea
1528 4126 1717 4203 haud
1769 4153 2028 4229 paucos
2080 4137 2581 4227 conquerentes
2629 4125 3100 4203 audiverimus
3118 4186 3140 4217 ,
3188 4127 3662 4205 Hannibalem

620 4244 1021 4343 apparuisse
1074 4252 1237 4319 ante
1282 4254 1517 4343 portas
1569 4246 1915 4324 Bachaias
1967 4247 2273 4340 Christi,
2336 4272 2470 4348 ego
2521 4270 2689 4323 sane
2741 4270 2882 4325 non
2935 4272 3354 4349 magnopere
3409 4250 3619 4325 mirer
3635 4306 3656 4339 ‚

620 4363 679 4437 si
744 4364 885 4438 iam
956 4364 1191 4463 plures
1250 4364 1339 4439 de
1396 4365 1567 4465 ipsis
1636 4366 1853 4466 portis
1910 4376 2120 4467 atque
2184 4366 2476 4443 moeniis
2521 4368 2999 4467 conquassatis
3020 4422 3042 4463 ,
3093 4369 3318 4445 multo
3364 4369 3656 4445 validius

616 4480 917 4557 clamare
963 4480 1335 4579 incipiant!

704 4652 759 4735 ι)
796 4656 840 4715 1.
878 4657 919 4716 1.
958 4656 1043 4716 11.
1080 4676 1138 4735 p.
1184 4658 1324 4719 739.

703 4750 763 4826 ²)
806 4750 1051 4811 Gallice:
1094 4752 1147 4810 le
1185 4750 1532 4815 Smatuiel.

3129 4852 3280 4933 2⁷*
