4728 5991
1837 577 2397 648 ORATIO.
3549 580 3641 647 55

585 784 746 861 bit?
817 783 962 864 Sed
1026 783 1276 862 Vester
1335 794 1747 885 conspectus
1820 812 1934 865 me
1999 786 2222 865 reficit
2269 794 2342 863 et
2390 787 2595 887 erigit
2645 785 2959 863 animum
3012 810 3273 861 meum.
3398 788 3637 865 Quam

587 904 848 984 multos
907 905 1102 991 enim.
1144 906 1384 996 video,
1452 906 1576 1006 qui
1618 905 1894 984 faveant
1943 908 2116 983 mihi
2159 908 2475 1008 meisque
2514 906 2725 985 rebus
2772 906 3136 982 studeant!
3215 907 3411 983 Inter
3460 930 3639 1008 quos

587 1024 702 1106 Tu
741 1025 1125 1127 principem
1175 1026 1406 1109 locum
1459 1036 1694 1116 tenes,
1743 1026 2096 1103 carissime
2145 1052 2463 1117 cosma,
2517 1051 2727 1128 quem
2777 1027 2877 1101 ita
2917 1026 3133 1127 diligo
3186 1036 3268 1101 ut
3312 1026 3595 1106 fratrem
3614 1084 3637 1117 ,

587 1144 695 1225 ita
750 1145 1057 1229 admiror
1117 1154 1238 1235 ut,
1305 1146 1366 1223 si
1425 1146 1584 1223 Tibi
1645 1171 1872 1223 meam
1919 1172 2198 1247 operam
2247 1147 2589 1249 approbo,
2641 1148 2729 1222 de
2768 1156 3151 1223 ceterorum
3206 1148 3349 1225 fere
3400 1148 3637 1223 existi-

591 1263 902 1347 matione
961 1264 1268 1364 cogitare
1327 1289 1472 1343 non
1525 1266 1805 1346 soleam.
1906 1268 2192 1345 Nullam
2248 1269 2466 1369 igitur
2516 1267 2675 1343 novi
2721 1267 3302 1369 praedicationem
3350 1268 3461 1345 ad·
3487 1268 3635 1368 glo-

590 1382 764 1459 niam
829 1382 1272 1462 illustriorem
1343 1406 1556 1482 quam
1617 1383 1792 1461 hanc
1869 1408 2096 1461 meam
2121 1442 2142 1474 ‚
2215 1410 2328 1461 me
2394 1386 2555 1461 'I'ibi
2614 1410 2753 1463 non
2819 1397 3179 1488 acceptum
3252 1388 3461 1466 modo
3512 1386 3649 1469 sed?

590 1510 996 1601 exoptatum
1059 1504 1132 1579 in
1197 1504 1468 1605 collegii
1530 1503 2088 1581 coniunctionem
2155 1504 2405 1581 venire.
2526 1506 2731 1583 Quae
2794 1506 3013 1605 gloria
3064 1530 3219 1583 mea
3270 1506 3637 1583 molestam

589 1632 822 1704 tamen
902 1623 1102 1701 affert
1179 1624 1666 1725 cogitationem
1747 1624 2098 1724 reputanti
2174 1648 2385 1723 quam
2466 1623 2900 1724 iniquissime
2964 1626 3223 1702 Tecum
3298 1626 3427 1703 sim
3504 1649 3637 1724 ego

592 1752 1032 1843 comparatus
1096 1755 1308 1845 atque
1363 1745 1798 1826 commissus.
1900 1744 2228 1843 Namque
2247 1803 2268 1834 ‚
2333 1744 2559 1823 dicam
2606 1746 2793 1821 enim
2833 1728 2985 1820 'non
3026 1768 3343 1821 reverens
3388 1744 3635 1823 adsen-

595 1864 788 1944 tandi
845 1865 1304 1964 suspicionem
1321 1922 1344 1953 ,
1413 1864 1564 1941 sine
1615 1864 1756 1941 ulla
1805 1864 2242 1941 dubitatione
2285 1858 2383 1943 sic
2426 1872 2659 1945 statuo
2699 1873 2770 1942 et
2815 1865 3047 1944 iudico
3092 1865 3443 1942 neminem
3488 1888 3634 1943 om·

593 1982 788 2063 nium
828 1983 904 2067 in
947 1984 1206 2061 nostris
1242 1984 1494 2067 studiis
1536 1992 1682 2061 tam
1723 1984 2088 2084 praeclaris
2119 1984 2385 2085 ingenii
2421 1985 2844 2065 ornamentis
2883 1980 3301 2063 instructum
3342 1985 3635 2073 versari,

597 2126 812 2201 quam
851 2127 1032 2201 quae
1076 2102 1236 2187 Τίδὶ
1266 2112 1516 2179 natura
1541 2102 1902 2193 attribuit,
1943 2104 2094 2205 ipse
2121 2104 2467 2182 industria
2494 2103 2903 2204 expolivisti.
2978 2103 3241 2181 Verum
3264 2164 3283 2194 ,
3318 2127 3635 2193 conare,

591 2222 972 2307 meministi
1020 2248 1202 2322 quae
1255 2248 1324 2301 11.
1377 2248 1701 2302 cassans
1737 2248 1979 2303 censor
2016 2224 2316 2325 collegae
2357 2224 2447 2305 de
2488 2250 2563 2299 se
2598 2225 3061 2304 confirmavit:
3120 2250 3343 2325 aquae
3386 2234 3644 2301 natura

604 2342 936 2422 dueum
987 2343 1392 2423 hominibus
1433 2346 1507 2424 in
1563 2344 1652 2421 iis
1701 2344 1914 2421 rebus
1963 2369 2038 2427 se
2090 2345 2268 2423 vinci
2314 2369 2517 2444 posse
2573 2368 2797 2443 aequo
2844 2344 3079 2419 animo
3132 2346 3357 2445 pati”:
3408 2352 3640 2425 cetera

595 2463 881 2549 recitare
943 2487 1083 2547 non
1142 2488 1323 2563 opus
1381 2472 1526 2539 est:
1599 2465 1712 2543 Tu
1778 2446 1936 2553 illa,
2002 2472 2084 2544 ut
2134 2473 2354 2547 totam
2402 2462 2889 2563 antiquitatem
2908 2522 2928 2551 ,
2980 2464 3375 2543 memoriter
3417 2473 3631 2545 tenes.

600 2582 818 2662 Hunc
881 2582 1098 2685 igitur
1143 2584 1458 2662 animum
1502 2607 1712 2683 quem
1763 2606 2078 2661 cussus
2121 2608 2297 2685 erga.
2329 2584 2662 2685 collegam
2711 2582 2966 2662 habere
3016 2606 3091 2659 se
3139 2582 3453 2671 dicebat,
3501 2606 3637 2681 ego

597 2726 760 2803 erga
805 2704 908 2789 'Ee
958 2702 1232 2789 habebo
1281 2703 1390 2784 vel
1433 2704 1668 2805 potius
1707 2703 2049 2789 retinebo.
2091 2788 2101 2799 ,
2142 2704 2258 2781 Ita
2299 2703 2375 2779 in
2420 2702 2773 2788 communi
2823 2700 3241 2802 magistratu
3294 2701 3443 2777 sine
3488 2724 3633 2779 cer·

591 2822 880 2909 taminia.
937 2823 1381 2906 contentione
1429 2824 1624 2904 fideli
1674 2824 2038 2906 concordia
2092 2823 2486 2908 commodis
2530 2824 2741 2904 huius
2789 2820 3173 2901 iuventutis
3216 2820 3633 2900 coniunctis-

601 2943 788 3030 sima,
845 2966 1068 3044 ‹unii-a¹
1115 2943 1570 3026 inserviemus
1633 2942 2004 3044 studiaque
2058 2950 2296 3032 nostra
2351 2969 2483 3045 pro
2540 2968 2667 3025 sua
2726 2942 3023 3044 quisque
3088 2940 3419 3020 facultate
3478 2948 3638 3019 tue·

592 3064 827 3140 bimur
895 3073 968 3140 et
1035 3063 1557 3145 sustinebimus.
1681 3065 1794 3143 'l'u
1853 3089 2012 3150 vero
2075 3065 2373 3150 consilio
2424 3067 2578 3150 'I'uo
2640 3089 2775 3164 me·
2812 3063 3139 3142 adiuvare
3187 3085 3399 3164 perge
3446 3086 3636 3144 amo·

591 3184 826 3284 risque
874 3184 1352 3260 benevolentia
1399 3208 1722 3261 recreare.

689 3303 890 3383 Quid
951 3327 1085 3404 ego
1155 3303 1460 3403 reliquos
1524 3303 1650 3403 qui
1722 3304 1897 3382 mihi
1964 3331 2251 3407 quoquo
2293 3305 2575 3382 nomine
2622 3302 2971 3381 coniuncti
3015 3301 3179 3378 estis
3230 3299 3635 3400 singulatim

592 3423 986 3524 appellem?
1056 3421 1324 3498 Multos
1381 3424 1727 3524 conspicio
1785 3426 2024 3502 dulces
2078 3435 2151 3502 et
2209 3425 2450 3502 fideles
2490 3425 2747 3502 amicos
2769 3484 2790 3515 ‚
2838 3424 3094 3498 iratum
3135 3425 3263 3496 aut
3304 3418 3630 3519 iniquum

593 3552 676 3620 nt
742 3566 943 3642 spero
1001 3543 1373 3619 neminem.
1494 3543 1698 3620 Hanc
1745 3569 1912 3645 erga
1957 3569 2072 3620 me
2117 3569 2329 3645 quam
2376 3544 2521 3622 Vos
2574 3544 2845 3622 habetis
2890 3543 3315 3618 voluntatem
3372 3564 3504 3640 ego
3555 3545 3635 3613 ut

593 3662 952 3740 retineatis
998 3669 1072 3738 et
1117 3663 1533 3738 conservetis
1581 3664 1820 3740 officiis
1869 3665 2042 3741 meis
2091 3665 2370 3741 curabo.

692 3901 912 3981 Quod
970 3901 1162 3976 aliud
1216 3925 1544 4000 quaeram
1594 3911 2096 4002 argumentum
2127 3905 2274 3982 Vos
2314 3905 2707 4004 alloquens,
2752 3897 3249 3976 Laudatissimi
3292 3897 3589 3970 Iuvenes
3610 3953 3633 3984 ,

595 4029 722 4096 aut
763 4043 973 4119 quem
1012 4019 1273 4118 possim
1309 4018 1575 4094 exitum
1611 4020 1936 4097 orationis
1970 4021 2278 4096 invenire
2315 4021 2701 4122 digniorem
2722 4079 2743 4110 ,
2783 4042 2995 4120 qnam
3034 4020 3107 4094 in
3148 4037 3634 4092 nemausum
3708 4013 3713 4020 ’

595 4140 962 4218 memoria·¹
993 4140 1108 4239 pie
1166 4139 1474 4215 colenda.
1577 4133 1800 4217 Cuius
1856 4140 1986 4216 viri
2045 4141 2336 4216 virtutes
2384 4165 2697 4217 maerens
2740 4140 3001 4239 collega
3052 4146 3265 4238 atque
3314 4160 3356 4211 a
3396 4134 3637 4212 funere

594 4285 834 4338 reeens
899 4261 1002 4340 ita
1063 4257 1284 4333 Vobis
1348 4259 1746 4360 proposuit,
1819 4268 1901 4336 ut
1962 4261 2107 4337 Vos
2169 4285 2305 4336 non
2379 4261 2847 4337 laudationem
2904 4258 3145 4335 audire
3189 4255 3634 4344 videremini,

595 4381 720 4458 sed
787 4379 988 4479 quasi
1054 4379 1350 4454 effictam
1422 4377 1820 4478 probissimi
1891 4378 2192 4455 hominis
2269 4403 2804 4479 expressamque
2877 4375 3251 4477 imaginem
3328 4397 3629 4448 eernere.

598 4506 855 4579 Iterata
901 4501 1118 4600 igitur
1177 4498 1452 4575 illarum
1511 4499 1848 4575 virtutum
1896 4499 2545 4575 commemoratione
2590 4499 2895 4574 dolorem
2936 4495 3265 4572 Vestrum
3308 4515 3631 4568 renovare

598 4628 721 4699 aut
789 4617 1208 4696 desiderium
1277 4615 1684 4692 exacerbare
1751 4616 2058 4718 defugio.
2177 4617 2421 4694 Unum
2475 4625 2711 4694 tamen
2754 4614 3053 4718 proferre
3099 4611 3373 4702 licebit,
3442 4609 3635 4709 quod

599 4739 898 4818 maxime
944 4762 1060 4814 me
1097 4735 1376 4835 assequi
1417 4735 1641 4812 velim.
1745 4734 2062 4811 Habebat
2104 4760 2650 4814 nortmannus
2669 4796 2692 4827 ,
2733 4737 2810 4813 id
2848 4734 3038 4835 quod
3078 4732 3152 4808 in
3192 4739 3633 4832 praeceptore
