4728 5991
1872 571 2435 641 ORATIO.
3555 574 3684 641 127

623 786 753 886 qui
773 844 797 876 ‚
866 784 1199 885 quoniam
1258 808 1407 859 rem
1476 783 1855 859 diiudicare
1900 808 2173 883 nequeo
2195 842 2217 873 ,
2286 780 2514 859 neutri
2557 780 3036 881 theologorum
3089 781 3271 880 parti
3320 787 3510 857 totus
3555 781 3678 857 ad·

620 904 860 981 dictus
922 930 1123 994 sum;
1192 904 1317 1005 qui
1336 962 1357 993 ,
1420 902 1737 1004 quamvis
1778 903 1971 981 haud
2028 903 2460 991 incredulus,
2513 900 2606 975 de
2649 926 2882 976 rerum
2905 960 2925 991 ,
2973 901 3047 975 in
3091 901 3355 1000 quibus
3401 924 3680 978 versan-

626 1033 747 1101 tur
767 1084 789 1115 ,
858 1024 1349 1101 incertitudine
1420 1026 1792 1125 persuasus
1811 1083 1831 1114 ,
1900 1024 2253 1100 medicum
2303 1030 2388 1097 ut
2432 1023 2630 1097 decet
2647 1080 2668 1111 ,
2715 1021 3006 1097 observo
3056 1030 3268 1121 atque
3318 1028 3640 1121 exspecto
3655 1079 3678 1113 ,

624 1168 992 1243 nunquam
1065 1168 1205 1218 non
1264 1150 1655 1219 commotus
1698 1141 1805 1217 fui
1846 1142 2103 1217 fiducia
2122 1199 2143 1230 ,
2216 1166 2357 1240 qua
2407 1141 2706 1241 collega,
2759 1142 3048 1217 subacto
3098 1166 3236 1216 non
3293 1142 3526 1215 minus
3571 1142 3680 1215 in·

626 1265 837 1367 genio
886 1288 1099 1362 quam
1146 1262 1499 1339 doctrinae
1538 1261 1993 1361 praestantia,
2046 1260 2350 1337 veritatis
2388 1285 2620 1335 amore
2663 1262 2918 1360 pariter
2955 1288 3036 1337 ac
3077 1260 3292 1337 animi
3335 1260 3679 1361 probitate

628 1382 1049 1481 conspicuus
1065 1440 1086 1469 ,
1154 1380 1427 1479 placitis
1492 1379 1893 1455 adhaereret
1910 1438 1931 1469 ,
1992 1379 2239 1455 acriter
2298 1404 2341 1455 a
2385 1380 2830 1455 novatoribus
2879 1380 3330 1481 impugnatis.
3430 1380 3676 1461 Quod·

628 1526 909 1599 cunque
971 1508 1211 1579 autem
1282 1498 1491 1575 fuerit
1563 1500 1671 1574 vel
1738 1499 2129 1599 aequalium
2186 1498 2295 1575 vel
2348 1500 2771 1599 posteritatis
2834 1500 2922 1575 de
2981 1524 3239 1575 vmmo
3283 1508 3520 1575 nostro
3566 1500 3674 1576 iu-

628 1620 893 1697 dicium
917 1678 937 1708 ‚
988 1621 1391 1695 memoriam
1440 1620 1595 1695 eius
1638 1620 1751 1719 pie
1798 1619 2355 1695 conservabimus
2403 1644 2666 1695 omnes.

728 1740 1151 1817 viventibus
1196 1740 1402 1815 nobis
1420 1798 1440 1829 ,
1508 1739 2054 1815 coniunctissimi
2100 1740 2401 1839 collegae
2419 1797 2440 1828 ,
2493 1740 2715 1815 multa
2765 1765 2930 1815 sane
2978 1741 3164 1815 bona
3211 1738 3674 1839 contigerunt.

628 1860 991 1959 Plerisque
1058 1860 1327 1935 illibata
1398 1860 1594 1935 licuit
1658 1860 2053 1936 valetudine
2118 1860 2473 1937 laboribus
2539 1886 2777 1937 vacare
2799 1920 2819 1951 ,
2885 1868 3263 1961 praeeunte
3329 1868 3404 1936 et
3463 1860 3680 1936 veluti

628 1979 851 2055 facem
928 1980 1355 2079 praeferente
1414 2003 1821 2055 normanno
1866 1989 2140 2071 nostro,
2192 1982 2315 2081 qui
2356 2006 2486 2056 suo
2534 1980 2782 2079 probat
2825 1982 3182 2081 exemplo,
3232 2004 3446 2080 quam
3497 1988 3682 2057 recte

632 2122 899 2175 mosao
968 2100 1256 2176 dixerit:
1336 2108 1679 2175 amaneut
1746 2101 2029 2201 ingenia
2100 2100 2424 2190 senibus,
2499 2102 2707 2177 modo
2773 2109 3176 2201 permaneat
3231 2100 3548 2175 studium
3609 2109 3682 2177 et

628 2217 1091 2304 industriafl’,
1194 2220 1571 2311 Dolemus‚
1650 2246 1887 2297 senem
1962 2223 2160 2296 illum
2236 2221 2740 2310 venerandum,
2831 2222 3144 2319 itemque
3217 2221 3678 2297 clarissimum

628 2362 778 2413 vm
826 2364 1057 2415 mnrn
1105 2364 1203 2415 nn
1250 2364 1475 2417 muns
1524 2342 1825 2441 corporis
1869 2341 2269 2417 infirmitate
2316 2340 2699 2441 prohiberi,
2749 2341 3127 2439 quominus
3174 2340 3434 2415 festum
3481 2341 3678 2416 anni-

631 2460 1009 2537 versarium
1070 2461 1435 2536 nobiscum
1498 2462 1865 2537 celebrent.
1964 2461 2177 2537 Adsit
2224 2460 2310 2535 iis
2358 2460 2802 2535 Providentia
2846 2460 3138 2534 Divina!
3193 2460 3376 2533 Sunt
3421 2461 3496 2535 in
3539 2461 3680 2535 col·

633 2578 817 2679 legio
882 2586 1119 2654 nostro
1139 2638 1159 2669 ,
1226 2579 1489 2679 quibus
1559 2580 1773 2670 laeta,
1842 2580 1987 2655 imo
2052 2604 2211 2654 vero
2274 2577 2650 2653 laetissima
2723 2570 3136 2668 acciderint,
3209 2602 3388 2677 quae
3448 2578 3681 2656 deum

624 2699 799 2801 ipsis
847 2700 1307 2800 gratulamur.
1405 2701 1509 2775 At
1540 2708 1931 2775 moerentes
1956 2699 2168 2775 etiam
2194 2699 2543 2800 conspicio
2561 2757 2581 2788 ,
2613 2721 3084 2775 urounnmuu
3113 2704 3185 2773 et
3215 2720 3641 2775 nonnnsmn
3658 2758 3683 2791 ,

630 2846 933 2920 quorum
976 2820 1089 2896 hic
1136 2822 1613 2897 dulcissimam
1664 2846 1949 2896 uxorem
1989 2820 2260 2909 amisit,
2312 2820 2570 2897 mentis
2598 2818 2951 2916 animique
2979 2814 3266 2892 dotibus
3293 2816 3641 2918 insignem
3659 2876 3682 2907 ,

626 2939 743 3016 ille
815 2963 975 3015 vero
1040 2949 1237 3039 patre
1308 2940 1595 3016 orbatus
1654 2946 1801 3030 est,
1852 2938 2123 3017 medico
2174 2938 2644 3016 literatissimo
2659 2997 2682 3030 ,
2733 2938 2975 3014 multis
3033 2935 3437 3014 nominibus
3487 2962 3686 3038 prae·

630 3059 841 3135 dato.
938 3059 1299 3138 Sustineat
1336 3061 1627 3136 afflictos
1670 3061 1867 3136 Deus
1924 3059 2257 3159 Optimus
2306 3059 2711 3136 Maximus!

726 3178 843 3252 De
906 3203 1317 3256 nrouznmo
1389 3205 1547 3256 vero
1567 3239 1589 3270 ,
1660 3181 1749 3256 ab
1822 3180 2121 3280 ancipite
2184 3179 2427 3254 morbo
2475 3179 2768 3254 feliciter
2813 3177 3140 3253 restituto
3157 3237 3178 3266 ,
3228 3174 3374 3253 alis'
3409 3201 3689 3278 quoque

626 3297 1093 3398 praedicanda
1162 3299 1543 3390 habemus,
1612 3325 1795 3400 quae
1814 3357 1836 3389 ‚
1906 3300 2502 3400 quemadmodum
2552 3298 2689 3399 ipsi
2743 3297 2988 3372 honori
3007 3355 3028 3386 ,
3093 3297 3192 3372 sic
3239 3297 3691 3397 disciplinae,-

626 3441 841 3516 quam
886 3441 1053 3518 prae
1098 3419 1343 3494 ceteris
1386 3420 1551 3495 colit
1566 3478 1588 3509 ,
1638 3420 2109 3496 emolumento
2144 3420 2289 3496 fore
2305 3479 2325 3510 ,
2375 3419 2582 3520 aequi
2625 3419 2891 3494 iudices
2935 3417 3386 3518 praesagiunt
3416 3443 3680 3495 omnes.

624 3535 983 3614 Nimirum
1040 3538 1429 3638 praefectus
1490 3549 1597 3616 est
1658 3541 1911 3615 Museo
1954 3539 2277 3616 botanioo
2298 3597 2319 3628 ,
2364 3540 2562 3638 quod
2608 3539 2946 3639 Lugduni
2991 3540 3418 3614 Batavorum
3463 3563 3682 3614 asser-

628 3663 847 3732 vatur.
950 3658 1187 3736 Quam
1258 3683 1421 3736 vero
1492 3659 1993 3760 praefecturam
2062 3684 2147 3735 ea
2214 3667 2490 3736 tantum
2564 3658 2958 3734 conditione
3028 3657 3294 3756 accepit
3309 3714 3331 3745 ,
3399 3664 3483 3729 ut
3540 3655 3680 3730 sibi

628 3774 859 3850 liceret
905 3775 1203 3852 Traiecti
1253 3780 1581 3856 habitare.
1686 3780 2109 3856 cathedram
2153 3781 2346 3856 enim
2368 3838 2388 3869 ‚
2435 3779 2554 3854 oui
2588 3778 2948 3852 Leidensis
2993 3775 3415 3850 Academiae
3457 3773 3678 3849 Cura-

628 3905 809 3970 tores
874 3921 1039 3971 eum
1118 3897 1628 3976 destinaverant
1646 3959 1667 3990 ,
1736 3899 2165 3976 'Praiectinae
2226 3897 2498 3975 Palladi
2549 3897 2965 3972 iamdudum
3017 3895 3336 3970 addictus
3353 3949 3375 3981 ‚
3424 3893 3672 3968 huma-

628 4015 809 4089 niter
878 4014 1145 4092 abnuit.
1246 4019 1460 4098 Quod
1520 4026 1781 4119 quanto
1841 4020 2043 4100 nobis
2102 4018 2436 4116 omuibus
2499 4015 2758 4116 gaudio
2807 4015 3016 4090 luerit
3035 4072 3056 4104 ,
3103 4038 3148 4088 o
3195 4013 3496 4114 optime!
3545 4022 3672 4090 aut

628 4133 824 4210 fallor
868 4135 1197 4234 equidem
1219 4196 1239 4226 ‚
1292 4147 1417 4214 aut
1452 4140 1654 4215 vultu
1696 4149 1931 4216 nostro
1975 4139 2301 4214 disertius
2350 4161 2566 4236 quam
2613 4135 2844 4212 verbis
2889 4135 3294 4212 declaratur.

724 4255 837 4328 Τιι
856 4309 878 4343 ,
939 4255 1289 4332 carissime
1356 4281 1679 4349 vanans,
1740 4259 1917 4359 quid
1970 4259 2194 4359 patria
2246 4257 2590 4332 medicina
2631 4256 2858 4331 valeat
2897 4255 2969 4329 in
3017 4255 3226 4330 domo
3278 4260 3402 4328 tua
3447 4277 3672 4353 nuper

632 4381 955 4472 expertus
972 4432 992 4462 ‚
1044 4373 1210 4449 boni
1254 4377 1593 4478 cuiusque
1642 4379 1891 4454 vindex
1911 4435 1932 4468 ,
1982 4377 2406 4453 salutiferam
2447 4376 2658 4451 etiam
2709 4381 2929 4450 artem
2952 4431 2974 4463 ‚
3007 4372 3347 4474 siquando
3388 4397 3670 4450 necesse

630 4488 835 4566 fluuit
852 4549 875 4581 ,
924 4479 1292 4570 nobsscum
1343 4505 1603 4574 tueare.

722 4610 842 4684 Ad
914 4635 1035 4686 vos
1104 4637 1219 4688 me
1282 4625 1645 4706 converto,
1714 4615 2075 4691 clarissimi
2149 4639 2436 4691 xosrna
2499 4623 2572 4690 et
2641 4637 2790 4690 van
2853 4613 3307 4691 oosrnaznnl
3383 4610 3660 4700 Nostis,

630 4753 839 4829 quam
902 4729 1043 4806 cari
1094 4731 1301 4810 nobis
1358 4735 1619 4810 fuerint
1660 4735 2015 4811 duumviri
2035 4793 2057 4826 ,
2120 4759 2419 4834 quorum
2463 4735 2537 4810 iu
2582 4735 2812 4812 locum
2861 4757 3000 4810 non
3043 4733 3145 4808 ita
3195 4729 3464 4830 pridem
3512 4729 3660 4804 suf-
