4728 5991
1045 902 1760 1017 SERIES
1863 900 3089 1032 LEGTIONUM‚

2046 1177 2112 1222 ΙΝ

1251 1396 1822 1476 ΑΩΑΒΕΜΙΑ
1901 1395 2893 1478 LUGDUNo-BATAVA

869 1647 1468 1721 HABENDARUM,
1506 1645 1700 1707 POST
1739 1647 2020 1710 FERIAS
2061 1647 2441 1709 AESTIVAS
2484 1646 2687 1706 ANNI
2728 1643 3281 1711 clolocchxn.

885 2345 1381 2421 FACULTAS
1429 2290 2214 2420 DISCIPLINARUM
2265 2344 3215 2421 MATHEMATICARUM

1645 2466 1768 2538 ET
1813 2463 2480 2540 PHYSICARUM.

545 2717 609 2776 P.
651 2715 722 2778 L.
761 2714 974 2775 BYKE
1016 2703 1382 2801 Physicam
1405 2704 2010 2803 experimentalem
2036 2705 2350 2794 docebit,
2390 2705 2639 2780 diebus
2663 2704 2903 2778 Lunae
2926 2761 2946 2791 ,
2997 2703 3185 2778 Mar-

642 2824 772 2912 tis,
825 2823 1192 2911 Mercurii,
1242 2823 1419 2898 Iovis
1467 2833 1538 2898 et
1583 2823 1913 2912 Veneris,
1996 2879 3187 2902 .................
3228 2821 3396 2896 hora
3426 2822 3581 2896 X11.

755 2943 864 3017 De
907 2942 1236 3041 Physices
1257 2943 1604 3044 capitibus
1642 2944 1912 3020 selectis
1951 2945 2158 3019 latius
2198 2953 2268 3021 et
2307 2945 2534 3023 fusius
2578 2943 2910 3032 disseret,
2948 2942 3197 3019 diebus

845 3062 1088 3161 Lunae
1136 3073 1208 3139 et
1255 3064 1624 3153 Mercurii,
1724 3120 3196 3143 .....................
3493 3063 3587 3137 Χ.

742 3182 1109 3280 Physicam
1157 3184 1715 3259 mathematicam
1763 3185 2033 3277 tradet,
2085 3185 2333 3260 diebus
2378 3187 2631 3261 Martis
2678 3196 2749 3259 et
2798 3182 2971 3258 Iovis
2989 3241 3010 3271 ‚
3092 3242 3108 3257 .
3168 3242 3183 3256 .
3476 3184 3585 3259 111.

743 3301 1107 3377 Exercitiis
1154 3302 1457 3402 physicis
1505 3304 1822 3402 practicis
1872 3305 2170 3404 praeerit
2218 3306 2551 3404 quotidie.

547 3433 596 3491 1.
639 3430 804 3491 VAN
844 3432 1004 3493 DER
1045 3433 1380 3495 HOEVEN
1421 3424 1816 3523 Zoologiam
1859 3434 1930 3499 et
1969 3427 2362 3501 Anatomen
2384 3433 2847 3523 comparatam
2874 3422 3187 3510 docebit,

505 3640 512 3645 .
647 3537 894 3614 diebus
937 3540 1178 3615 Lunae
1193 3600 1214 3631 ‚
1265 3542 1514 3617 Martis
1533 3601 1554 3631 ‚
1607 3544 1973 3631 Mercurii,
2024 3545 2198 3619 Iovis
2241 3554 2313 3620 et
2363 3544 2653 3620 Veneris
2671 3599 3179 3631 ........
3454 3541 3575 3616 XI.

744 3660 1238 3759 Mineralogiae
1303 3670 1376 3737 et
1440 3663 1812 3762 Geologiae
1869 3664 2207 3749 elementa
2260 3675 2557 3766 exponet
2576 3722 2596 3753 ,
2649 3662 2898 3738 diebus
2945 3663 3187 3737 Lunae

839 3788 912 3853 et
957 3780 1290 3855 Mercurii
1311 3840 1331 3869 ,
1413 3838 3184 3861 .........................
3502 3783 3582 3855 11.

745 3900 894 3975 Aut
968 3900 1587 4001 Anthi-opologiam
1663 3903 2121 4003 gentiumque
2196 3905 2589 3978 varietatem
2654 3902 2955 3977 nativam
2973 3959 2994 3989 ‚
3063 3910 3187 3975 aut

842 4020 1223 4095 Anatomes
1311 4030 1744 4120 comparatae
1821 4024 2072 4099 selecta
2151 4023 2379 4123 capita
2450 4020 2861 4121 explicabit,
2942 4022 3191 4099 diebus

845 4137 1086 4215 Lunae
1135 4149 1208 4213 et
1254 4141 1546 4230 Martis,
1623 4200 1638 4216 .
1715 4197 3191 4219 .....................
3532 4147 3583 4219 1.

553 4273 624 4327 A.
667 4266 745 4328 H.
786 4268 953 4329 VAN
991 4268 1148 4330 DEB
1187 4271 1408 4333 BOON
1450 4272 1718 4333 MESOH
1760 4260 2128 4359 Ohymiam
2169 4287 2534 4362 corporum
2566 4261 3045 4361 organicorum
3074 4288 3191 4338 ex·

745 4383 998 4473 ponet,
1049 4376 1298 4454 diebus
1353 4378 1597 4455 Lunae
1615 4439 1633 4468 ,
1685 4381 1936 4455 Martis
1954 4439 1975 4469 ‚
2003 4383 2357 4457 -Mercurii
2412 4390 2481 4457 et
2523 4380 2697 4456 Iovis
2719 4440 2741 4471 ,
2806 4439 3189 4459 ......
3457 4382 3583 4461 ΙΧ.

745 4492 1112 4591 Chymiam
1134 4555 1155 4586 ‚
1206 4523 1384 4596 quae
1435 4500 1848 4599 anorganica
1885 4509 2165 4577 vocatur
2185 4562 2205 4591 ,
2255 4502 2568 4592 docebit,
2604 4502 2854 4577 iisdem
2893 4500 3145 4576 diebus
3167 4561 3188 4591 ‚
3457 4502 3579 4577 XI.

747 4614 986 4689 Artem
1063 4616 1692 4715 pharmaceuticam
1757 4620 2200 4719 theoreticam
2274 4630 2346 4697 et
2412 4621 3017 4722 experimentalem
3070 4646 3188 4696 ex-

845 4742 1090 4830 ponet,
1141 4736 1391 4813 diebus
1433 4738 1674 4815 Lunae
1734 4746 1806 4814 et
1854 4741 2220 4830 Mercurii,
2295 4798 2314 4819 .
2370 4800 2425 4819 ..
2441 4798 3191 4819 ...........
3432 4737 3583 4813 XII.

3210 4862 3293 4929 ll
