4728 5991
1871 643 2429 713 ORATIO.
3583 644 3669 710 47

611 854 848 930 ceteris
920 852 1061 929 iam
1127 852 1564 955 antiquitatis
1627 864 2080 933 monumenta
2129 855 2469 957 apertiora
2518 862 2591 930 et
2635 852 3081 955 explicatiora
3134 854 3224 929 ad
3274 853 3667 957 intelligen-

613 976 780 1051 dum
874 982 1349 1076 proponantur
1368 1034 1389 1065 ,
1473 974 1662 1075 ipsos
1751 977 1996 1053 eadem
2089 978 2340 1055 melius
2425 976 2812 1077 intelligere
2892 982 3431 1052 consentaneum
3510 1000 3662 1051 esse

611 1097 902 1175 videtur.

704 1221 772 1294 A
839 1243 982 1321 qua
1051 1218 1488 1321 intelligendi
1551 1220 1974 1321 praestantia
2033 1244 2175 1297 non
2251 1220 2686 1321 seiungenda
2748 1230 2857 1297 est
2920 1219 3139 1297 maior
3205 1219 3295 1296 de
3356 1220 3664 1322 antiquis

610 1340 858 1417 litteris
909 1323 1266 1417 iudicandi
1310 1339 1728 1442 prudentia;
1797 1365 1977 1442 quae
2027 1341 2210 1416 duae
2257 1364 2368 1416 res
2416 1341 2517 1416 ita
2572 1340 2755 1417 inter
2802 1364 2953 1416 sese
2998 1339 3405 1417 coniunctae
3454 1348 3623 1417 sunt
3641 1402 3662 1433 ,

613 1470 694 1537 ut
763 1469 1122 1562 separatae
1202 1461 1318 1537 vix
1381 1462 1648 1563 possint
1694 1462 2002 1563 cogitari.
2102 1462 2432 1563 Namque
2485 1462 2759 1538 nullum
2806 1470 2915 1537 est
2966 1470 3151 1537 certe
3206 1461 3355 1537 sine
3408 1461 3661 1570 intelli-

609 1584 846 1685 gentia
893 1583 1274 1674 iudicium;
1325 1594 1398 1659 et
1446 1608 1644 1659 mens
1692 1583 1766 1660 in
1818 1584 1906 1658 iis
1957 1608 2136 1684 quae
2185 1582 2639 1684 intelligendo
2688 1583 2981 1684 percipit
3031 1582 3233 1659 variis
3287 1584 3515 1662 modis
3558 1586 3659 1661 af-

609 1703 784 1780 fecta
805 1764 824 1793 ,
897 1704 1070 1805 quid
1134 1704 1207 1780 in
1253 1729 1534 1806 quoque
1577 1689 1910 1805 scriptore
1955 1704 2448 1781 admirandum
2502 1705 2592 1780 sit
2642 1704 3117 1781 delectationis
3164 1704 3339 1805 quid
3389 1705 3657 1808 vitupe-

607 1826 902 1901 randum
967 1824 1181 1901 taedii
1251 1850 1462 1901 sensu
1530 1826 1926 1903 discernens
1942 1884 1963 1915 ,
2041 1827 2112 1901 in
2188 1826 2324 1903 illis
2398 1825 2719 1902 sensibus
2786 1826 3154 1927 diligenter
3208 1826 3533 1902 notandis
3586 1838 3659 1902 et

605 1946 1053 2024 observandis
1105 1947 1280 2046 quid
1327 1947 1520 2023 aliud
1567 1948 1734 2025 facit
1781 1972 1996 2049 quam
2044 1948 2400 2025 iudicare?

707 2068 914 2145 Hanc
959 2069 1394 2169 intelligendi
1430 2076 1502 2144 et
1540 2068 1896 2144 iudicandi
1941 2070 2290 2145 facultatis
2341 2070 2921 2147 uecessitudinem
2962 2070 3363 2147 tenentibus
3399 2071 3654 2147 mirum

606 2191 914 2269 accidere
965 2214 1102 2266 non
1151 2198 1381 2291 potest
1400 2250 1421 2281 ,
1475 2191 1535 2265 si
1583 2214 1744 2266 cum
1801 2190 2080 2265 exculta
2129 2191 2246 2267 illa
2287 2190 2615 2267 facultate
2662 2191 2833 2267 haec
2874 2193 2949 2267 in
2995 2193 3199 2274 nobis
3252 2194 3657 2271 confirmata

609 2311 716 2388 sit.
821 2310 1019 2392 Quid
1081 2312 1284 2389 velim
1355 2319 1520 2387 nota
1583 2337 1664 2387 ac
1731 2311 1991 2413 insigni
2057 2336 2132 2387 re
2188 2311 2533 2388 illustrare
2583 2311 2803 2390 liceat.
2908 2312 3093 2389 Cum
3143 2314 3373 2391 medio
3422 2316 3653 2392 seculo

609 2434 954 2534 superiore
1029 2455 1534 2510 nanxmnmss
1617 2440 1916 2533 quatuor
1983 2432 2325 2509 orationes
2393 2434 2631 2533 plenas
2699 2434 3119 2536 ineptiarum
3187 2460 3230 2510 a
3292 2460 3653 2513 cicnaons

609 2553 814 2629 scribi
858 2578 998 2630 non
1039 2554 1350 2655 potuisse
1394 2555 1840 2632 contenderet
1881 2554 2339 2655 eamdemque
2379 2555 2793 2631 sententiam
2836 2562 2995 2655 post
3036 2556 3398 2657 sexaginta
3432 2582 3651 2633 annos

609 2697 1062 2752 resonamus
1116 2698 1490 2753 Aususrus
1533 2700 1858 2753 wonrlus
1906 2676 2281 2778 proferret,
2335 2676 2581 2778 quanti
2626 2676 2769 2751 fere
2810 2676 2903 2752 ab
2944 2675 3273 2752 omnibus
3320 2677 3649 2753 clamores

608 2795 865 2871 sublati
927 2799 1134 2872 sunt!
1227 2798 1580 2873 Nimirum
1619 2798 2069 2875 'admirabilis
2125 2798 2245 2876 illa
2291 2798 2594 2873 Tulliani
2638 2798 2903 2899 ingenii
2944 2798 3264 2889 ubertas,
3316 2799 3651 2875 concinna

605 2944 684 2993 ac
745 2942 1116 2994 numerosa
1188 2917 1548 2995 verborum
1612 2920 2120 2995 constructione
2182 2944 2506 3021 expressa
2526 2978 2545 3010 ,
2598 2929 2669 2995 et
2717 2920 2963 3021 longae
3016 2919 3445 2997 imitatorum
3489 2944 3648 2997 con·

609 3039 1066 3130 tinuationes‚
1116 3065 1254 3116 non
1309 3041 1400 3116 ad
1448 3065 1676 3118 rerum
1721 3067 1898 3142 quae
1942 3043 2428 3143 proponendae
2467 3049 2699 3118 essent
2737 3042 3217 3128 necessitatem
3270 3051 3417 3118 arte
3466 3069 3649 3119 com-

607 3161 868 3260 positae
889 3219 908 3250 ,
979 3162 1102 3236 sed
1147 3160 1481 3238 laboriose
1531 3163 1854 3240 collectae
1901 3175 2115 3264 atque
2171 3164 2481 3263 undique
2528 3163 2956 3263 conquisitae
2978 3222 2999 3253 ‚
3050 3189 3263 3264 quam
3311 3165 3652 3240 immenso

604 3281 961 3358 intervallo
1027 3283 1209 3358 inter
1287 3309 1360 3360 se
1433 3285 1810 3374 distarent,
1885 3286 2090 3386 pauci
2156 3294 2353 3386 erant
2419 3285 2543 3386 qui
2611 3285 2995 3360 discernere
3042 3286 3367 3361 valerent.
3470 3287 3651 3366 Quis

605 3411 839 3479 autem
887 3427 1074 3478 nunc
1124 3403 1460 3480 inficetias
1517 3405 1686 3482 istas
1731 3431 1856 3506 pro
1905 3407 2227 3483 Tulliano
2279 3431 2485 3508 opere
2536 3405 2919 3482 venditaret
2968 3407 3139 3506 quin
3182 3407 3272 3482 ab
3323 3406 3650 3482 omnibus

603 3523 992 3599 rideretur?
1085 3525 1360 3624 Nempe
1423 3527 1678 3602 certius
1743 3525 1948 3602 hodie
2019 3537 2090 3601 et
2158 3527 2581 3627 exploratius
2634 3534 2743 3602 est
2795 3526 2885 3602 de
2932 3550 3316 3603 cressonis
3373 3526 3650 3603 dicendi

603 3669 854 3744 genere
907 3644 1243 3721 iudicium
1268 3705 1288 3737 ‚
1357 3647 1729 3748 pluresque
1784 3659 1949 3722 sunt
1998 3649 2121 3747 qui
2171 3659 2479 3724 veterum
2529 3649 2783 3748 scripta
2830 3645 3143 3749 liberiore
3191 3649 3423 3723 animo
3474 3657 3645 3724 trac·
3701 3749 3712 3757 Π

606 3775 749 3841 tare
799 3764 984 3840 soliti
1030 3789 1169 3840 non
1219 3766 1416 3844 facile
1465 3771 1828 3869 patiuntur
1845 3829 1865 3858 ,
1921 3783 2002 3845 ut
2047 3771 2278 3846 fucato
2327 3771 2549 3846 nitore
2596 3768 3049 3869 decipiantur.

701 3887 940 3984 Atque
1005 3886 1132 3961 hoc
1200 3912 1338 3963 non
1415 3898 1691 3964 tantum
1767 3890 1946 3964 valet
2005 3889 2093 3966 de
2152 3891 2477 3991 genuinis
2534 3889 2807 3990 scriptis
2855 3914 2898 3965 a
2954 3887 3343 3964 subditiciis
3391 3891 3643 3965 discer-

607 4007 852 4082 nendis
876 4067 896 4097 ,
973 4009 1096 4084 sed
1159 4009 1366 4084 etiam
1433 4010 1522 4084 de
1589 4008 1906 4086 universa
1977 4021 2285 4086 veterum
2345 4011 2731 4087 litterarum
2788 4009 3265 4087 aestimatione
3314 4011 3643 4088 subtilius

603 4128 1048 4205 instituenda.
1163 4131 1323 4205 Non
1390 4131 1689 4231 amplius
1754 4131 1988 4230 opinio
2015 4191 2032 4219 ‚
2107 4132 2212 4206 vel
2286 4131 2521 4231 potius
2582 4131 2824 4232 religio
2846 4191 2865 4222 ,
2939 4142 3207 4208 mentes
3279 4134 3642 4212 hominum

601 4257 935 4348 occupat,
1011 4263 1088 4324 ut
1157 4251 1505 4350 quidquid
1567 4253 1828 4327 Graece
1897 4262 2021 4328 aut
2091 4251 2338 4328 Latine
2402 4252 2739 4353 scriptum
2792 4253 2920 4343 sit,
2992 4254 3067 4329 id
3115 4251 3447 4356 singulari
3496 4268 3644 4333 arte

605 4369 937 4468 scriptum
980 4395 1131 4446 esse
1185 4371 1642 4449 arbitrentur:
1698 4373 1820 4448 sed
1870 4384 1946 4448 ut
1991 4373 2197 4449 hodie
2237 4373 2472 4450 omnia
2514 4375 2861 4474 praeclara
2898 4400 3051 4452 rara
3088 4401 3239 4452 esse
3282 4389 3640 4478 appareat,

602 4488 696 4564 sic
771 4514 1045 4590 semper
1118 4503 1190 4566 et
1255 4493 1516 4592 ubique
1589 4483 1805 4570 fuisse
1826 4554 1846 4583 ,
1921 4495 2132 4571 etiam
2198 4495 2387 4596 apud
2462 4497 2763 4572 Graecos
2822 4502 2895 4572 et
2960 4496 3282 4588 Latinos,
3348 4498 3641 4597 intelligi

600 4621 924 4710 coeptum
975 4621 1103 4689 est.
1205 4613 1317 4689 Ita
1366 4615 1685 4692 studium
1733 4617 2117 4693 litterarum
2171 4629 2376 4693 antea
2424 4616 2572 4693 sine
2621 4618 2895 4695 delectu
2940 4619 3014 4694 in
3056 4619 3385 4695 omnibus
3430 4620 3639 4718 scrip-

601 4732 870 4807 toribus
949 4733 1312 4831 profusum
1383 4761 1464 4810 ac
1539 4735 1956 4836 dissipatum
2027 4761 2212 4814 nunc
2273 4739 2346 4814 in
2403 4763 2785 4839 paucorum
2846 4739 3248 4816 excellentia
3306 4739 3643 4816 contineri

605 4851 814 4942 solet,
891 4853 978 4928 ad
1049 4878 1344 4953 quorum
1403 4850 1830 4934 nobilissima
1873 4883 2082 4958 opera
2129 4859 2595 4937 collustranda
2640 4861 2884 4962 reliqui
2938 4870 3293 4963 tamquam
3348 4861 3643 4937 ministri
