4728 5991
919 595 1250 690 “1w
2296 592 2991 678 c.aLoucQ

1119 800 1296 889 ravi,
1365 802 1667 902 rogatio,
1737 800 2268 899 pessumdatum
2343 799 2429 874 iri
2488 800 2783 899 patriam
2830 801 3242 878 medicinam
3292 810 3367 878 et
3414 803 3679 878 nomini
3734 805 3998 880 Batavo
4041 804 4157 880 de·

1121 921 1332 996 decus
1378 931 1450 994 et
1492 917 1948 1019 ignominiam
1993 917 2330 992 inustum.

1220 1039 1432 1118 Quod
1495 1046 1727 1114 autem
1798 1037 2048 1113 attinet
2113 1037 2204 1111 ad
2271 1035 2745 1134 probationem
2812 1021 3089 1128 eorum,
3160 1041 3283 1139 qui
3340 1065 3659 1117 summos
3700 1041 3773 1116 in
3820 1041 4155 1118 medicina

1120 1159 1409 1233 honores
1459 1158 1810 1234 consecuti
1855 1157 2152 1245 fuerint,
2211 1181 2424 1256 quam
2475 1157 2757 1256 quidem
2810 1158 3285 1257 probationem
3334 1160 3500 1235 artis
3546 1160 3787 1261 peritis
3834 1163 4160 1237 mandare

1121 1279 1360 1353 volunt
1428 1278 1801 1378 quotannis
1872 1277 2338 1376 undecunque
2410 1277 2747 1377 eligendis
2770 1337 2789 1366 ,
2868 1303 3440 1377 supervacaneam
3518 1303 3673 1354 eam
3750 1289 3823 1356 et
3883 1305 4165 1380 prorsus

1118 1398 1560 1474 reiiciendam
1629 1400 1832 1473 ducO.
1938 1397 2322 1496 Conquesti
2392 1407 2557 1471 sunt
2620 1397 2869 1473 medici
2889 1457 2909 1486 ,
2972 1399 3080 1473 vel
3151 1407 3550 1497 arrogantes
3605 1399 3707 1474 illi
3727 1459 3747 1488 ,
3803 1401 3913 1474 vel
3960 1401 4166 1488 olim,

1121 1526 1203 1594 ut
1244 1518 1554 1616 suspicor
1575 1577 1595 1606 ,
1643 1518 1834 1592 Deae
1874 1516 2204 1616 Ignaviae
2249 1514 2589 1604 ministri,
2654 1515 2741 1590 de
2796 1515 3361 1614 disquisitionum
3404 1515 3955 1591 academicarum
4004 1517 4167 1591 levi-

1121 1646 1281 1713 tate.
1383 1637 1838 1712 Contendunt
1903 1642 1976 1710 et
2042 1636 2198 1722 alii,
2281 1660 2553 1711 morum
2605 1643 2679 1710 et
2720 1636 3081 1710 doctrinae
3128 1634 3333 1710 laude
3379 1635 3748 1734 praeclari,
3798 1636 4169 1735 magistros

1121 1758 1329 1832 etiam
1375 1759 1676 1856 optimos
1697 1816 1717 1845 ,
1765 1757 1838 1830 in
1897 1755 2272 1854 discipulos
2323 1756 2533 1855 paulo
2575 1755 3121 1855 indulgentiores
3171 1779 3321 1829 esse
3340 1813 3361 1843 ,
3412 1779 3727 1853 quosque
3774 1755 3893 1830 alii
3936 1755 4168 1830 verisi-

1122 1877 1377 1950 militer
1438 1876 1902 1963 dimitterent,
1975 1899 2207 1950 amore
2258 1874 2505 1949 ductos
2554 1882 2626 1949 et
2678 1873 3143 1948 misericordia
3162 1931 3183 1960 ‚
3234 1873 3537 1948 subinde
3580 1875 3866 1973 quidem
3918 1876 4165 1950 admit-

1127 2004 1292 2068 tere.
1392 1995 1614 2070 Leves
1661 2019 1812 2069 esse
1862 1993 2381 2093 disquisitiones
2429 2006 2697 2070 nostras
2720 2053 2739 2081 ‚
2788 1993 3365 2093 indignabundus
3414 2017 3615 2093 nego,
3718 1995 4169 2070 Humanitati

1126 2139 1284 2190 vero
1318 2114 1476 2213 plus
1526 2115 1900 2212 aliquando
1942 2138 2152 2213 quam
2200 2113 2506 2188 iustitiae
2548 2114 2891 2188 tributum
2932 2139 3085 2188 esse
3106 2173 3126 2202 ,
3174 2113 3263 2188 de
3309 2137 3463 2188 mea
3505 2139 3785 2213 quoque
3828 2117 4169 2190 sententia

1128 2233 1568 2318 verissimum
1615 2241 1724 2308 est
1776 2234 2200 2309 habendum.
2265 2235 2503 2333 Atque
2546 2233 2713 2308 haec
2758 2233 3039 2331 quidem
3084 2258 3294 2308 causa
3340 2233 3517 2321 fuit,
3563 2258 3689 2308 cur
3727 2235 3913 2335 ipse,
3948 2259 4167 2334 quum
4222 2239 4227 2242 ’

1125 2353 1432 2428 florentis
1493 2353 1737 2427 aetatis
1799 2377 2019 2426 essem
2043 2409 2064 2440 ,
2125 2353 2217 2426 ad
2267 2377 2547 2428 omnem
2599 2354 2881 2428 omnino
2928 2352 3401 2452 probationem
3452 2353 3741 2453 collegia
3791 2356 4167 2453 peritorum

1125 2496 1265 2547 non
1331 2472 1722 2548 academica
1785 2472 2249 2571 professorum
2313 2473 2677 2548 ordinibus
2742 2473 3225 2572 anteponenda
3288 2472 3431 2547 fore
3495 2475 3904 2548 censuerim.
4008 2475 4167 2548 Non

1126 2592 1424 2691 amplius
1484 2617 1768 2681 censeo,
1832 2592 2240 2668 Auditores!
2335 2591 2655 2665 Primum
2706 2591 3131 2691 experiundo
3180 2592 3513 2690 cognovi,
3578 2592 3934 2667 laudatam
3982 2594 4169 2667 illam

1123 2711 1506 2787 iuratorum
1583 2712 2061 2810 probationem
2080 2769 2101 2800 ,
2191 2709 2416 2809 qualis
2498 2711 2687 2809 apud
2762 2721 3033 2786 exteros
3107 2710 3434 2800 habetur,
3522 2711 3713 2786 haud
3784 2737 3939 2786 raro
4016 2713 4169 2811 plus

1127 2832 1345 2906 videri
1409 2856 1621 2931 quam
1675 2856 1844 2906 esse.
1950 2831 2242 2929 Saepius
2291 2829 2549 2905 scilicet
2594 2830 3025 2929 ignorantiae
3066 2853 3275 2906 causa
3316 2830 3496 2904 viros
3544 2831 3873 2929 repellere
3928 2831 4167 2906 debui-

1129 2974 1288 3025 mus
1310 3007 1330 3039 ,
1381 2977 1422 3025 a
1466 2950 1712 3025 iuratis
1763 2951 1836 3023 in
1891 2948 2262 3025 Germania
2313 2949 2521 3047 paulo
2564 2959 2729 3027 ante
2774 2950 3118 3051 probatos.
3220 2949 3493 3026 Deinde
3512 3010 3533 3039 ,
3586 2957 3867 3050 propter
3908 2951 4169 3051 opinio-

1127 3094 1302 3145 num
1359 3069 1825 3145 diversitatem
1875 3095 2034 3145 cum
2091 3070 2164 3143 in
2212 3069 2340 3155 iis,
2396 3096 2577 3169 quae
2630 3072 2986 3147 scientiam
3042 3080 3395 3170 spectant,
3454 3078 3607 3145 tum
3660 3096 3817 3147 vero
3872 3072 4171 3147 maxime

1131 3189 1310 3265 circa
1377 3191 1542 3265 artis
1606 3198 2008 3290 praecepta,
2076 3214 2213 3263 non
2263 3214 2479 3265 vanus
2524 3216 2689 3267 sane
2734 3202 2963 3267 metus
3006 3190 3295 3279 invasit,
3348 3214 3477 3279 ne,
3526 3200 3794 3266 mutata
3833 3191 4173 3291 probandi

1131 3309 1394 3384 ratione
1417 3368 1437 3397 ,
1489 3310 1746 3409 pluries
1793 3311 2050 3392 iniusta
2091 3309 2433 3386 ferrentur
2477 3311 2751 3387 iudicia.
2854 3310 3215 3410 Magistris
3262 3316 3613 3408 praeterea
3662 3310 3875 3385 fidem
3922 3310 4173 3386 habere

1131 3430 1204 3502 in
1271 3429 1514 3503 ceteris
1533 3489 1553 3518 ,
1621 3438 1705 3503 ut
1779 3430 2056 3516 volunt,
2131 3429 2200 3504 in
2262 3431 2431 3505 artis
2502 3456 2661 3505 vero
2726 3430 2973 3529 peritia
3036 3429 3393 3529 probanda
3447 3454 3587 3505 non
3640 3429 3935 3517 habere,
4006 3428 4173 3529 quid

1131 3548 1322 3624 aliud
1381 3550 1473 3623 sit
1529 3574 1740 3649 quam
1790 3550 2427 3647 inconsequentiam
2474 3558 2547 3624 et
2592 3550 3035 3649 iniquitatem
3082 3549 3263 3623 tueri
3284 3608 3303 3636 ‚
3362 3574 3801 3648 nequaquam
3846 3550 4173 3649 equidem

1129 3668 1462 3768 intelligo,
1566 3668 1894 3754 Accedit,
1965 3669 2152 3766 quod
2219 3671 2292 3743 in
2366 3670 2612 3769 Belgio
2672 3671 3057 3745 iuratorum
3126 3669 3315 3743 illam
3380 3670 3861 3767 probationem
3922 3668 4171 3745 studiis

1129 3788 1534 3865 academicis
1607 3787 2045 3863 vehementer
2091 3790 2409 3877 nocuisse
2430 3848 2451 3877 ,
2518 3788 2771 3864 diserte
2820 3788 3314 3865 declaraverint
3362 3788 3595 3863 idonei
3650 3789 3899 3862 harum
3942 3810 4171 3862 rerum

1128 3908 1412 3986 iudices.
1464 3910 1586 4001 ⁹⁰).
1691 3910 1893 3987 Quae
1959 3933 2120 3983 cum
2189 3909 2286 3985 ita
2337 3909 2517 3997 sint,
2574 3918 2707 3983 ,aut
2752 3908 2949 3985 fallor
2998 3908 3320 4009 equidem
3346 3966 3367 3996 ,
3415 3915 3539 3982 aut
3586 3906 3993 3981 institutum
4036 3930 4171 3981 non

1131 4026 1628 4113 necessarium,
1696 4026 1886 4123 quod
1958 4024 2218 4124 Belgae
2289 4034 2669 4125 respuunt,
2730 4028 2919 4125 quod
2966 4026 3501 4102 Academiarum
3556 4026 4005 4101 imminueret
4054 4050 4171 4101 au·

1133 4143 1517 4219 ctoritatem
1535 4200 1554 4231 ,
1635 4144 1824 4239 quod
1891 4144 2264 4241 discipulos
2331 4172 2375 4221 a
2451 4146 2799 4245 magistris
2870 4154 3240 4234 averteret,
3310 4146 3503 4244 quod
3560 4144 3813 4219 studiis
3856 4154 4169 4247 noceret,

1135 4260 1481 4359 quidquid
1549 4260 1928 4335 moliantur
1995 4263 2385 4353 ambitiosi,
2450 4266 2775 4341 declinari
2842 4266 3051 4341 debet
3116 4275 3189 4341 et
3250 4265 3322 4339 in
3384 4264 3930 4364 praesentiarum
3992 4271 4171 4341 certe

1135 4380 1344 4457 reiici.
1446 4380 1760 4454 Multum
1807 4381 2094 4479 quidem
2141 4383 2376 4471 abest,
2426 4385 2801 4464 Auditores
2820 4444 2841 4473 ,
2889 4393 2969 4459 ut
3011 4384 3083 4459 in
3124 4385 3533 4462 academicis
3572 4382 4173 4483 disquisitionibus

1137 4500 1311 4575 nihil
1378 4500 1760 4599 quidquam
1835 4502 2350 4577 emendandum
2404 4527 2554 4577 esse
2608 4512 2870 4603 putem.
2972 4505 3153 4579 Sane
3207 4529 3421 4603 quam
3472 4503 3953 4580 desiderantur
4004 4526 4171 4579 non-

1135 4622 1348 4697 nulla.
1453 4622 1656 4699 Quae
1723 4646 1880 4695 vero
1950 4622 2463 4711 desiderantur,
2531 4624 2815 4701 illibatis
2874 4624 3409 4703 Academiarum
3478 4622 3749 4698 iuribus
3768 4681 3788 4711 ‚
3860 4623 3971 4697 vel
4034 4624 4174 4699 solo

1137 4741 1351 4841 Regis
1422 4740 1623 4815 iussu
1691 4739 1888 4816 facile
1952 4749 2246 4840 possunt
2303 4743 2583 4841 expleri.
2686 4744 3061 4821 Summum
3118 4752 3225 4820 est
3276 4768 3553 4831 curare,
3604 4766 3693 4819 ne
3738 4741 4023 4819 iuvenes
4068 4743 4173 4817 in-
