4728 5991
1940 610 2501 680 ΟῙὶΑΊΓῙΟ.
3624 613 3749 680 131

699 821 827 896 Est
895 821 1066 898 haec
1131 845 1296 897 sane
1357 819 1730 895 liberalitas
1797 819 2070 919 generis
2130 819 2236 894 tui
2286 819 2648 896 nobilitate
2700 844 2838 895 non
2895 819 3127 896 minus
3182 845 3394 920 quam
3440 820 3693 895 eximio
3716 880 3737 909 ,

699 966 841 1041 quo
911 942 1164 1041 flagras
1183 1000 1205 1031 ,
1275 940 1741 1016 doctrinarum
1805 963 2036 1014 amore
2112 939 2541 1038 dignissima.
2641 939 2842 1016 Tales
2904 939 3175 1014 utinam
3238 940 3445 1016 multi
3505 940 3745 1040 patriis

698 1061 1096 1138 Academiis
1143 1063 1552 1161 contingant
1593 1059 1896 1135 tutores!
1973 1060 2198 1136 Tuam
2227 1060 2440 1136 vitam
2461 1118 2483 1149 ‚
2531 1061 2817 1136 Praeses
2847 1057 3345 1149 illustrissime,
3390 1059 3517 1133 diu
3544 1059 3745 1134 nobis

703 1190 1056 1259 conservet
1102 1183 1301 1258 Deus
1351 1182 1684 1281 Optimus
1731 1178 2135 1256 Maximus!

800 1539 1172 1638 Superest,
1223 1548 1303 1616 ut
1343 1541 1634 1616 honores
1672 1544 1742 1612 et
1782 1535 2084 1635 insignia
2123 1536 2473 1611 conferam
2510 1535 2583 1610 in
2614 1559 3076 1611 successorem
3108 1559 3737 1612 ornus'rornoamt

706 1681 1092 1736 flmmeum
1161 1683 1576 1736 mnnmcuu
1646 1681 1827 1734 nors
1903 1680 2222 1744 nannor,
2295 1657 2519 1732 virum
2582 1653 3083 1746 clarissimum,
3155 1681 3366 1755 quem
3428 1682 3468 1732 e
3528 1659 3746 1758 Regis

703 1778 1180 1876 augustissimi
1252 1780 1528 1855 decreto
1595 1778 1988 1878 proximum
2062 1777 2134 1852 in
2205 1801 2469 1852 annum
2546 1775 2967 1852 Academiae
3038 1775 3745 1854 Rheno-Traiectinae

703 1897 1069 1975 Rectorem
1120 1900 1571 2000 magnificum
1618 1898 1772 1973 dico
1794 1956 1814 1986 ‚
1864 1898 2222 1987 renunti0‚
2272 1897 2639 1998 proclamo,

801 2019 1000 2094 Salve
1023 2077 1043 2108 ,
1115 2019 1217 2094 vir
1279 2019 1645 2120 magnifice
1664 2077 1684 2107 ‚
1751 2019 2142 2118 iterumque
2191 2018 2396 2092 salve.
2496 2018 2769 2092 Munus
2816 2015 2945 2089 tibi
2991 2015 3191 2092 trado
3233 2015 3741 2117 gravissimum.
3800 2113 3809 2118 ὗ

705 2135 1066 2235 Sapienter
1130 2161 1213 2210 eo
1270 2137 1595 2237 fungenti
1640 2135 1980 2236 propitius
2027 2135 2213 2210 adsit
2266 2136 2461 2211 Deus
2504 2135 2983 2234 omnipotens!
3058 2135 3509 2210 Universitati
3554 2160 3749 2234 prae-

703 2255 926 2330 fectus
971 2277 1046 2331 es
1089 2281 1251 2331 cum
1293 2257 1537 2331 ceteris
1589 2257 1798 2332 huius
1851 2255 2124 2355 generis
2171 2255 2513 2330 institutis
2554 2255 2645 2329 ad
2691 2278 2931 2329 verum
2966 2254 3371 2354 bonumque
3411 2255 3483 2330 in
3524 2256 3748 2354 patria

703 2381 936 2450 nostra
1017 2375 1567 2475 promovendum
1643 2375 2045 2450 destinatae.
2167 2375 2320 2450 Tuo
2403 2373 2873 2450 moderamine
2942 2399 3153 2449 suum
3220 2376 3374 2474 ipsa
3444 2375 3746 2450 vindicet

699 2494 1055 2572 honorem.
1157 2495 1527 2570 Doctrinae
1586 2493 1678 2568 sit
1732 2500 1802 2568 et
1867 2491 2322 2569 humanitatis
2387 2491 2687 2594 genitrix
2726 2492 3061 2584 fecunda,
3110 2493 3281 2568 iusti
3324 2493 3733 2592 honestique

701 2639 954 2716 parens
1004 2621 1076 2689 et
1124 2613 1542 2714 exemplum.

2103 3533 2356 3601 Dtxn
