4728 5991
993 593 1129 659 414
1997 582 2290 648 ORDO
2361 579 3013 647 LECTIONUM.

1191 795 1512 870 Publicae
1579 789 1868 867 habebit
1937 788 2264 863 lectiones
2315 789 2406 863 de
2454 789 2757 886 quodam
2812 791 3221 884 argumento
3272 807 3313 856 e
3366 782 3649 882 physica

1294 912 1808 1014 experimentali
1859 911 2202 982 desumto.

1000 1048 1068 1110 L.
1112 1046 1474 1118 MULDEB,
1537 1034 1766 1106 Matk.
1819 1031 2015 1126 May.
2071 1029 2260 1100 Plail.
2317 1026 2487 1102 Nat.
2541 1028 2741 1099 Doct.
2763 1081 2783 1112 ‚
2833 1025 3235 1109 Bolanicea,
3292 1022 3653 1120 Geoloffiae

1099 1165 1172 1232 et
1232 1156 1669 1229 Oeconomiae
1717 1149 1974 1224 ruralis
2024 1147 2398 1240 Professor
2417 1205 2436 1233 ,
2490 1146 2867 1218 Botanicen
2918 1142 3343 1242 generalem:

1296 1301 1362 1349 a.
1463 1267 2014 1370 Morphologiam
2102 1265 2495 1363 plantarum
2592 1262 2869 1338 docebit
2949 1261 3197 1335 diebus
3272 1259 3514 1333 Lunae
3580 1269 3655 1332 et

1588 1387 1956 1474 Mercurii,
2024 1386 2192 1460 hora
2260 1431 3655 1459 ....................
3873 1377 4047 1455 ΧΠ.

1305 1515 1365 1587 b.
1463 1512 1858 1585 Anatomen
1921 1515 1994 1580 et
2052 1504 2513 1603 physilogiam
2563 1503 2956 1603 plantarum
3004 1498 3253 1573 diebus
3302 1498 3543 1574 Lunae
3589 1506 3661 1571 et

1587 1625 1981 1712 Mercurii,
2027 1625 2193 1697 hora
2259 1670 3655 1699 ....................
3916 1616 4051 1694 XI.

1209 1748 1586 1823 Botanicen
1640 1746 2003 1845 specialem
2057 1740 2662 1840 (phytographiam
2719 1739 3110 1838 plantarum
3154 1742 3227 1810 et
3276 1736 3667 1813 botanicem

1311 1866 1848 1964 systematicam)
1905 1868 2202 1959 exponet
2252 1861 2364 1933 die
2414 1859 2637 1945 Iovis,
2690 1857 2875 1931 horis
2918 1909 3655 1932 ...........
3675 1856 4052 1937 XIetXII.

1211 1987 1588 2060 Botanicen
1663 1981 2050 2081 generalem
2126 1988 2197 2053 et
2267 1978 2633 2077 specialem
2712 1974 3251 2075 provectioribus
3328 2001 3664 2075 exponere

1310 2111 1552 2201 perget
1601 2100 1712 2175 die
1764 2099 2012 2174 Martis
2033 2157 2053 2187 ,
2104 2098 2290 2172 horis
2333 2145 3666 2173 ...................
3681 2097 3873 2174 XIet
3886 2099 4057 2177 XII.

1218 2224 1522 2297 Favente
1575 2220 1745 2295 coeli
1798 2217 2128 2317 temperie
2148 2276 2168 2306 ‚
2230 2242 2391 2293 cum
2441 2214 2797 2314 discipulis
2842 2213 3277 2289 excursiones
3324 2213 3677 2291 botanicas

1316 2340 1807 2415 moderabitur.

1216 2456 1846 2555 Pharmacognosin
1891 2453 2116 2527 tradet
2163 2451 2410 2526 diebus
2454 2457 2525 2526 et
2574 2451 2761 2524 horis
2800 2451 3235 2526 auditoribus
3273 2454 3673 2532 commodis.

1224 2576 1596 2674 Geologiae
1654 2573 1879 2672 capita
1950 2572 2198 2645 selecta
2267 2571 2539 2645 tradere
2587 2576 2872 2667 paratus
2920 2576 3027 2643 est
3074 2569 3325 2644 diebus
3379 2580 3451 2645 et
3496 2572 3679 2648 horis

1323 2693 1792 2779 auditoribus,
1845 2691 1903 2764 si
1953 2691 2249 2777 adsunt,
2298 2689 2701 2764 commodis.

1227 2813 1718 2888 Oeconomiam
1779 2809 2074 2884 ruralem
2147 2808 2424 2883 docebit
2486 2807 2737 2882 diebus
2786 2807 3065 2894 Lunae,
3134 2807 3425 2897 Martis,
3490 2810 3679 2884 Mer·

1328 2930 1502 3005 curii
1549 2937 1621 3003 et
1668 2927 1891 3016 Iovis,
1963 2927 2128 3000 hora
2201 2978 3676 3006 .....................
3976 2934 4070 3013 Χ.

1430 3058 1502 3122 et
1548 3047 1874 3134 Veneris,
1945 3045 2130 3119 horis
2204 3101 3679 3127 .....................
3697 3050 3809 3126 XI
3818 3060 3889 3129 et
3899 3053 4071 3133 XII.

1229 3172 1474 3243 Artem
1521 3167 1852 3240 mercium
1901 3164 2523 3263 dignoscendarum
2582 3162 3147 3257 (Warenkennis)
3203 3174 3501 3265 exponet
3540 3168 3683 3244 die-

1331 3288 1466 3362 bus
1515 3295 1585 3359 et
1633 3284 1819 3359 horis
1861 3308 2024 3357 cum
2075 3283 2511 3357 auditoribus
2554 3282 3061 3358 conveniendis.

1039 3420 1109 3478 E.
1149 3416 1199 3477 Ι.
1240 3415 1523 3488 ΚΙΕΗΒ,
1568 3405 1757 3476 Phil.
1791 3404 2028 3477 Theor.
2077 3405 2272 3502 May.
2319 3403 2491 3477 Litt.
2542 3403 2751 3477 Ilum.
2798 3404 2997 3476 Doct.
3020 3459 3040 3489 ,
3092 3400 3513 3477 Litterarum
3547 3406 3686 3478 An·

1137 3526 1474 3624 tiquarum
1543 3523 1910 3617 Prqfeceor
1928 3580 1948 3610 ,
2026 3521 2382 3620 Euripidis
2455 3522 2762 3596 Bacchas
2780 3579 2801 3611 ,
2876 3521 3125 3596 selecta
3180 3542 3268 3593 ex
3334 3520 3643 3598 Homero
3659 3581 3682 3613 ‚

1141 3641 1628 3718 Demosthenis
1651 3641 2029 3716 orationem
2056 3640 2144 3715 de
2167 3642 2443 3715 Corona
2460 3700 2481 3730 ,
2510 3639 3075 3740 interpretabitur
3093 3637 3207 3713 die
3224 3638 3499 3730 Lunae,
3521 3640 3688 3719 hora
3870 3645 4076 3723 VIII.

1440 3761 1553 3835 die
1602 3759 1788 3835 Iovis
1805 3816 1825 3847 ,
1877 3758 2044 3833 hora
2069 3814 3685 3837 .......................
3808 3803 3825 3819 .
3979 3764 4077 3841 X.

1437 3880 1550 3955 die
1597 3879 1887 3954 Veneris
1905 3937 1925 3969 ‚
1977 3879 2144 3953 hora
2211 3930 3679 3957 .....................
3942 3882 4075 3959 XI.
4192 3898 4197 3901 ’

1438 3996 1550 4071 die
1601 3994 1920 4084 Saturni,
1971 3996 2136 4069 hora
2208 4043 3681 4073 .....................
3872 3998 4077 4079 VIII.

1243 4115 1594 4191 Ciceronis
1634 4112 2115 4188 Accusationis
2163 4114 2236 4187 in
2287 4114 2369 4187 C.
2426 4111 2712 4187 Verrem
2757 4112 2969 4186 libros
3012 4110 3120 4184 IV
3160 4120 3231 4186 et
3270 4111 3338 4183 V
3390 4116 3507 4205 (de
3540 4118 3693 4215 Siq—

1343 4236 1452 4307 nie
1501 4240 1572 4306 et
1615 4234 1700 4305 de
1752 4233 2192 4329 Suppliciis),
2241 4232 2493 4306 selecta
2531 4256 2617 4305 ex
2667 4230 2959 4329 Virgilio
3000 4238 3072 4305 et
3116 4230 3355 4306 'l'acito
3370 4289 3393 4321 ‚
3444 4232 3691 4308 diebus

1346 4349 1589 4423 Lunae
1607 4404 1630 4437 ,
1677 4347 1930 4425 Martis
1950 4405 1973 4436 ,
2022 4347 2354 4423 Mercurii
2402 4355 2475 4422 et
2521 4346 2811 4441 Veneris
2829 4404 2851 4435 ‚
2921 4347 3089 4423 hora
3166 4408 3694 4431 ........
3987 4355 4082 4433 Χ.

1247 4467 1722 4565 Antiquitates
1770 4467 2122 4542 Romanas
2164 4466 2394 4542 tradet
2444 4466 2691 4542 diebus
2731 4466 2975 4542 Lunae
2992 4522 3015 4557 ,
3064 4469 3317 4545 Martis
3354 4478 3427 4544 et
3469 4471 3657 4546 Iovis
3674 4531 3695 4563 ,

1342 4587 1509 4661 hora
1555 4638 3686 4667 ..............................
3952 4592 4085 4669 xl.

1444 4712 1516 4780 et
1563 4704 1680 4781 die
1727 4704 2050 4796 Saturni,
2118 4706 2284 4781 hora
2362 4762 3693 4787 ...................
3952 4705 4085 4785 ΙΧ.
