4728 5991
1856 515 2417 584 onArro.
3031 473 3037 481 ’
3522 515 3647 581 109

597 728 840 806 nentia
914 736 988 803 et
1069 727 1342 828 quiete,
1411 724 1848 800 verissimum
1915 735 2022 802 est
2099 724 2535 824 antiquitatis
2602 721 2887 796 effatum
2910 779 2932 811 ,
3004 720 3207 794 multi
3278 723 3656 822 magnique

595 848 824 924 morbi
896 855 1251 927 curantur.
1351 847 1564 945 Aqua
1639 845 2018 944 prudenter
2079 826 2431 933 adhib‘ita,
2505 840 3093 942 quemadmodum
3164 841 3235 916 in
3304 841 3654 934 febribus,

599 969 697 1044 sic
759 967 831 1041 in
893 965 1046 1041 aliis
1093 965 1302 1040 etiam
1349 962 1716 1039 affectibus
1772 963 2126 1040 interdum
2181 963 2483 1037 maxime
2534 961 2855 1036 salutaris
2902 969 3028 1036 est.
3129 961 3373 1036 Plures
3416 987 3655 1064 aegro·

598 1095 830 1164 tantes
850 1144 872 1176 ,
925 1108 1371 1185 nequaquam
1418 1083 1717 1172 infitior,
1787 1083 2154 1158 sanitatem
2195 1090 2606 1181 recuperant
2646 1080 2911 1155 arcanis
2958 1082 3287 1156 assumtis
3310 1134 3331 1174 ,
3393 1082 3653 1181 quibus

599 1215 680 1282 ut
741 1206 1043 1304 Anglia,
1109 1204 1210 1278 ita
1263 1201 1737 1278 Nederlandia
1791 1227 2071 1302 quoque
2121 1201 2457 1277 abundat.
2559 1200 2823 1276 Verum
2877 1199 3062 1275 euim
3116 1227 3273 1276 vero
3316 1203 3438 1301 qui
3486 1201 3658 1279 cibis

600 1324 956 1401 abstinent
1021 1331 1094 1398 et
1159 1322 1530 1422 quiescu'nt
1552 1381 1572 1410 ‚
1637 1322 1761 1396 ubi
1805 1321 2153 1396 alimentis
2195 1347 2373 1422 opus
2428 1327 2537 1394 est
2580 1328 2651 1394 et
2694 1319 3054 1409 exercitio,
3100 1321 3209 1396 vel
3251 1319 3401 1395 aliis
3444 1323 3656 1399 etiam

599 1443 925 1518 remediis
950 1501 971 1532 ,
1041 1441 1330 1516 initiatis
1385 1448 1658 1516 tantum
1715 1441 2048 1540 cognitis;
2099 1441 2243 1540 ⁸qui
2289 1440 2383 1514 ad
2434 1464 2688 1539 aquam
2740 1439 3153 1540 confugiunt
3195 1440 3267 1515 in
3319 1442 3655 1517 conditio-

601 1563 810 1638 nibus
876 1561 985 1636 vel
1058 1561 1224 1661 igne
1294 1556 1722 1636 medicandis
1795 1560 1900 1634 vel
1966 1560 2102 1635 alio
2168 1558 2483 1658 quolibet
2542 1558 2815 1633 heroico
2882 1559 3047 1633 artis
3101 1559 3442 1659 praesidio
3458 1595 3480 1651 ;
3534 1561 3659 1660 qui

602 1683 1088 1759 circulatorum
1165 1680 1535 1756 iactatione
1618 1679 1893 1781 decepti
1960 1679 2392 1779 gravioribus
2462 1679 2535 1752 in
2606 1677 2867 1752 morbis
2934 1677 3359 1778 panchrestis
3379 1739 3401 1769 ,
3480 1705 3661 1780 quae

600 1811 886 1891 vocant,
957 1809 1258 1876 utuntur
1307 1801 1414 1875 vel
1467 1799 1810 1876 inertibus
1863 1824 2186 1899 prorsus,
2234 1798 2381 1888 vel,
2450 1805 2531 1873 ut
2576 1796 2800 1872 multa
2846 1805 3045 1888 suut,
3117 1799 3398 1874 omnino
3456 1825 3659 1875 vene-

599 1922 782 1998 natis
803 1980 826 2010 ,
892 1946 1024 1997 nae
1096 1921 1196 1995 illi
1260 1920 1608 1996 dementia
1665 1945 1793 1995 sua
1841 1920 2180 1995 malorum
2231 1919 2657 1995 incremento
2701 1917 2882 1992 viam
2932 1917 3197 1992 faciunt
3250 1925 3321 1992 et
3370 1927 3663 1996 mortem

600 2047 1114 2142 praematuram
1174 2040 1458 2114 sibimet
1526 2041 1660 2140 ipsi
1735 2041 2199 2115 consciscunt.
2325 2039 2563 2113 Vitam
2636 2037 2820 2112 enim
2866 2045 3135 2136 praeter
3185 2039 3665 2115 necessitatem

598 2163 672 2237 in
717 2163 938 2237 aleam
997 2161 1160 2236 dare
1185 2219 1206 2250 ,
1275 2161 1518 2248 cuius,
1589 2184 1888 2259 quaeso,
1954 2159 2091 2233 nisi
2142 2159 2486 2234 dementis
2532 2159 2691 2232 est?
2794 2155 2901 2230 Sit
2945 2157 3229 2232 omnino
3280 2158 3664 2252 dementis,

604 2282 876 2381 inquiet
931 2281 1276 2381 quispiam
1301 2339 1321 2370 ,
1377 2305 1618 2355 verum
1667 2305 1756 2354 an
1805 2280 2040 2354 minus
2085 2279 2543 2380 periclitatur,
2595 2277 2719 2378 qui
2768 2275 2917 2350 sine
2965 2277 3229 2352 ratione
3275 2278 3544 2355 medico
3590 2305 3665 2356 se

603 2401 976 2479 committit
1046 2401 1357 2501 legitimo
1421 2400 1629 2475 titulo
1699 2401 1792 2476 ad
1862 2409 2081 2475 artem
2127 2400 2583 2476 exercendam
2626 2395 2983 2472 admisso?
3053 2397 3297 2472 Minus
3345 2423 3544 2490 sane,
3591 2409 3665 2476 at

601 2521 1033 2622 periclitatur
1095 2529 1351 2596 tamen.
1450 2521 1704 2596 Nonne
1753 2545 1910 2595 vero
1960 2520 2254 2596 stultum
2301 2528 2409 2595 est
2451 2519 2599 2594 sine
2650 2522 2913 2594 ratione
2956 2521 3209 2618 agere?
3290 2521 3475 2600 Quis
3516 2531 3662 2614 est,

607 2642 730 2740 qui
795 2641 1100 2731 nesciat,
1177 2665 1269 2715 ne
1342 2641 1678 2740 optimam
1752 2639 2036 2739 quidem
2117 2639 2645 2716 candidatorum
2712 2636 3189 2738 probationem
3255 2640 3346 2715 ad
3412 2641 3669 2718 civium

611 2761 1055 2836 securitatem
1133 2761 1206 2837 in
1277 2761 1470 2836 omni
1535 2785 1702 2836 casu
1769 2761 2076 2835 sufficere
2095 2762 2130 2834 P
2225 2761 2493 2834 Doctus
2537 2759 2697 2858 quis
2743 2781 2893 2832 esse
2942 2765 3173 2856 potest
3215 2759 3671 2864 omniumque

613 2879 957 2978 applausu
1021 2880 1317 2956 summis
1375 2880 1450 2954 in
1517 2879 1859 2957 medicina
1924 2879 2301 2955 honoribus
2374 2907 2417 2955 a
2487 2878 2737 2953 severis
2801 2876 3151 2954 iudicibus
3211 2888 3538 2972 ornatus,
3602 2891 3675 2957 et

609 2999 1060 3075 nihilominus
1127 3001 1217 3077 ad
1275 3011 1494 3076 artem
1555 3000 2000 3077 factitandam
2072 3002 2186 3076 vix
2250 3001 2687 3076 mediocriter
2735 3007 2963 3099 aptus.
3068 3000 3216 3074 Cur
3264 3000 3482 3101 igitur
3524 3010 3672 3078 tam

611 3120 888 3195 incaute
909 3179 930 3210 ,
998 3128 1144 3196 tam
1219 3119 1722 3196 inconsiderate
1783 3121 2095 3221 plerique
2139 3120 2458 3196 homines
2506 3118 2859 3195 medicum
2914 3118 3299 3219 adoptant?
3398 3121 3671 3201 Quidni

611 3264 884 3340 semper
937 3240 1222 3315 consilia
1302 3246 1692 3339 sequuntur
1759 3242 1926 3315 artis
1989 3240 2421 3341 peritorum?
2528 3242 2677 3315 Nec
2744 3263 3017 3314 morum
3088 3239 3430 3341 elegantia
3450 3298 3471 3332 ,
3542 3266 3673 3318 nec

610 3356 894 3432 habitus
943 3367 1320 3467 venustus,
1371 3384 1600 3459 neque
1649 3384 1817 3435 aura
1859 3361 2210 3462 popularis
2255 3387 2409 3437 eam
2458 3360 2709 3461 probat
2768 3358 3111 3434 solertiam
3131 3419 3153 3450 ,
3218 3386 3397 3460 quae
3450 3362 3668 3436 medi-

611 3502 772 3551 cum
839 3475 1024 3553 facit.
1148 3479 1243 3552 Et
1303 3486 1534 3555 tamen
1595 3479 1754 3555 illae
1821 3481 1962 3554 sive
2013 3481 2210 3556 dotes
2269 3481 2411 3555 sive
2464 3482 2823 3569 fortunae,
2896 3479 3207 3555 mirabile
3266 3482 3499 3571 dictu,
3565 3484 3673 3557 vel

614 3596 817 3670 cultis
862 3604 932 3670 et
977 3595 1268 3671 eruditis
1313 3597 1704 3695 imponunt.
1807 3600 2166 3675 Medicum
2212 3601 2537 3700 equidem
2580 3600 2873 3700 cognovi
2920 3600 3091 3675 adeo
3132 3600 3492 3700 stupidum
3514 3659 3535 3690 ,
3586 3612 3669 3676 ut

613 3715 912 3790 insanire
975 3716 1210 3816 potius
1281 3741 1492 3815 quam
1561 3726 1794 3793 mente
1861 3726 2172 3805 constare
2239 3720 2609 3794 videretur.
2710 3721 2797 3793 In
2881 3720 3125 3794 ceteris
3184 3720 3671 3797 adsentiebant

624 3858 886 3909 omnes.
937 3882 952 3891 -
991 3836 1076 3909 In
1124 3845 1272 3909 arte
1297 3844 1562 3912 ‘tamen
1612 3836 1930 3927 salutari,
1981 3864 2024 3913 o
2073 3835 2631 3938 incomparabilis
2682 3836 3107 3934 superstitio!
3162 3835 3251 3911 de
3285 3837 3677 3915 honoratio·

627 3978 779 4027 rum
849 3955 1192 4029 sententia
1251 3954 1532 4056 collegis
1587 3957 1790 4057 longe
1845 3956 2242 4033 excellebat.
2325 3958 2510 4031 Mira
2560 3956 2863 4056 profecto
2904 3980 3013 4029 res
3063 3966 3167 4031 est
3186 4016 3206 4045 ,
3258 3958 3669 4037 Auditoresl

627 4074 1237 4151 Quemadmodum
1319 4074 1392 4150 in
1465 4076 1616 4151 aliis
1681 4077 1946 4166 causis,
2021 4101 2198 4175 quae
2263 4076 2627 4151 sanitatem
2690 4083 3042 4176 spectant,
3110 4076 3207 4152 ita
3258 4078 3329 4155 in
3387 4080 3675 4157 medicis

629 4192 965 4291 eligendis
1007 4195 1344 4293 permulti
1391 4194 1706 4271 homines
1749 4221 1905 4271 vere
1945 4197 2379 4287 caecutiunt,
2430 4220 2851 4296 quamquam
2899 4204 3192 4272 mortem
3227 4200 3679 4277 reformidant

615 4336 872 4389 omnes.
2916 4318 2921 4323 ’

722 4429 1001 4511 Quodsi
1058 4431 1276 4532 igitur
1322 4458 1557 4509 verum
1605 4443 1749 4523 est,
1809 4446 1890 4511 ut
1941 4461 2176 4512 verum
2225 4462 2377 4512 esse
2426 4437 2606 4514 bona
2654 4436 2793 4514 fide·
2844 4447 3189 4514 testantur
3236 4438 3478 4539 periti,
3530 4442 3677 4516 sola

637 4574 836 4650 saepe
906 4553 1420 4649 aegrotantium
1478 4554 1682 4653 culpa
1729 4556 2006 4631 morbos
2059 4555 2268 4631 etiam
2317 4557 2549 4631 minus
2600 4584 2843 4659 graves
2889 4561 3151 4634 exitum
3196 4556 3449 4634 habere
3500 4558 3675 4633 fata-

618 4666 752 4743 lem
776 4702 796 4758 ;
869 4670 1132 4747 multos
1203 4696 1388 4761 esse,
1453 4673 1522 4745 in
1572 4674 1832 4771 quibus
1879 4676 2018 4752 vita
2059 4678 2284 4777 magis
2330 4678 2797 4777 periclitetur,
2849 4676 2907 4753 si
2956 4676 3243 4755 naturae
3282 4678 3675 4775 relinquan-
