4728 5991
1837 549 2399 618 ORATIO.
3503 550 3629 615 141

581 758 824 824 invidi-e
883 765 1048 841 atque
1102 759 1492 822 intolerantius
1551 758 1760 820 viribus
1815 761 2094 841 repulsus,
2159 777 2306 819 anno
2372 759 2527 819 1⁷45
2586 755 2978 818 vindobonam
3040 754 3333 833 migravit,
3396 772 3637 820 uanus

587 879 926 926 ‘ramma
968 862 1260 924 Archiater
1301 867 1532 923 aeuus·
1615 863 1798 942 Atque
1833 861 1930 922 hic
1966 859 2190 940 quidem
2207 905 2222 932 ,
2279 878 2404 920 oum
2444 858 2817 940 Imperatricis
2836 902 2852 931 ,
2900 863 3020 920 tum
3060 855 3409 938 optimatium
3450 859 3639 922 iavore

587 965 836 1040 adiutus,
889 965 1118 1042 ingenio
1137 1009 1156 1036 ,
1197 963 1470 1026 industria
1509 962 1754 1043 artisque
1793 961 1994 1044 peritia
2031 963 2102 1023 de
2139 961 2308 1024 rebus
2345 960 2575 1022 medicis
2615 981 2783 1042 quam
2822 961 3033 1043 optime
3074 960 3301 1022 meritus
3342 969 3444 1024 est·
3526 963 3641 1024 cli·

586 1069 770 1132 nicam
819 1067 1034 1130 seilicet
1070 1066 1476 1129 institutionem
1494 1109 1512 1140 ,
1553 1086 1622 1127 eo
1661 1085 1836 1146 nsque
1875 1085 1998 1127 cum
2036 1065 2098 1124 in
2139 1063 2367 1126 Austris
2383 1109 2399 1138 ,
2441 1070 2559 1124 tum
2600 1064 2661 1124 in
2706 1065 2961 1126 universa
3000 1064 3301 1126 Germania
3338 1063 3642 1144 ceterisque

587 1170 938 1250 regionibus,
978 1169 1190 1248 Anglia
1227 1175 1444 1230 tantum
1487 1175 1744 1249 excepta,
1787 1187 2012 1250 prorsus
2049 1169 2166 1230 iere
2207 1169 2521 1244 neglectam
2536 1213 2551 1240 ,
2587 1167 3035 1230 Boerhaavianae
3054 1173 3271 1228 secutus
3294 1169 3607 1248 exemplum
3621 1213 3639 1243 ,

589 1272 798 1356 primus
857 1272 954 1334 ille
1013 1269 1384 1332 vindobonae
1446 1269 1700 1332 fundavit
1717 1315 1734 1345 ,
1797 1271 2046 1334 scholam
2107 1269 2356 1332 condidit
2406 1271 2741 1350 praeclaram
2796 1268 3025 1350 aliisque
3080 1270 3387 1330 rationibus
3438 1269 3643 1332 civium

590 1377 822 1438 salutem
877 1373 1172 1454 promovit.
1255 1380 1468 1434 Auctor
1522 1391 1648 1434 cnm
1703 1373 1828 1434 aliis
1883 1371 2102 1452 scriptis
2152 1370 2413 1432 inclaruit
2427 1415 2443 1444 ,
2500 1379 2619 1432 tum
2680 1391 2807 1432 vero
2849 1371 3167 1453 praesertim
3210 1371 3451 1434 classicis
3496 1375 3645 1433 Gon·

589 1477 878 1540 uman's'a
927 1477 992 1538 in
1041 1477 1236 1538 Hem.
1289 1476 1633 1536 Bounomeia·
1667 1475 2036 1551 Aplon'mos
2073 1475 2144 1535 de
2179 1474 2563 1550 comendis
2602 1481 2659 1534 et
2700 1475 2960 1535 curandis
2998 1475 3217 1534 morbis.
3302 1473 3463 1536 Obiit
3497 1493 3645 1536 anno

599 1581 708 1644 177
716 1583 774 1640 2.
855 1578 946 1640 De
1001 1578 1116 1640 vita
1167 1587 1224 1639 et
1280 1577 1492 1640 maritis
1547 1577 1650 1638 viri
1703 1577 1864 1638 huius
1917 1576 2371 1659 praestantissimi
2414 1576 2637 1654 egregie
2676 1577 2897 1657 scripsit
2936 1593 3173 1636 Μυκη
3214 1577 3273 1636 in
3314 1595 3513 1657 opere,
3556 1577 3648 1639 cui

591 1682 820 1743 titulus:
865 1681 1190 1742 Gordiane
1223 1681 1324 1740 der
1360 1697 1560 1742 mm
1599 1681 1943 1754 Heilkmdc,
1986 1701 2041 1762 p.
2085 1685 2204 1741 358
2245 1699 2403 1758 seqq.

675 1781 758 1864 ⁴⁸)
815 1787 1128 1846 Anu-emus
1181 1799 1262 1842 nn
1317 1797 1516 1856 nanu,
1574 1783 1878 1860 Haganus,
1925 1801 2074 1844 anno
2119 1785 2276 1845 1711
2323 1787 2516 1854 natus,
2558 1780 2815 1858 egregius
2860 1781 2997 1841 item
3038 1780 3229 1858 magni
3270 1797 3650 1844 mannaan

593 1886 894 1969 discipulus
908 1931 926 1959 ,
987 1891 1278 1966 postqum
1338 1891 1572 1966 quatuor
1634 1885 1752 1946 fere
1803 1886 1978 1946 lustra
2031 1885 2232 1962 Hagae
2285 1885 2553 1945 comitum
2606 1887 2783 1944 artem
2822 1883 3171 1944 {actitaverat
3186 1927 3202 1956 ,
3262 1903 3413 1944 anno
3458 1887 3647 1960 1754,

597 1989 1020 2054 commendante
1079 2005 1416 2051 amnunmo
1429 2033 1445 2060 ,
1501 1989 1896 2050 Vindobonam
1951 1995 2210 2051 evocatus
2261 1994 2346 2048 est
2402 1985 2713 2047 Medicinae
2764 1987 3050 2047 Professor
3090 1985 3403 2066 primarius.
3484 1985 3653 2048 Quod

595 2092 819 2174 quidem
870 2111 1070 2153 munus
1124 2093 1194 2152 ad
1251 2097 1486 2152 mortem
1543 2109 1747 2170 usque,
1803 2108 1946 2169 quae
1997 2109 2050 2148 a.
2109 2088 2220 2151 177
2229 2092 2264 2146 6
2317 2085 2552 2156 accidit,
2606 2086 2819 2167 optime
2856 2086 3062 2164 gessit,
3106 2084 3407 2148 consiliarii
3449 2087 3613 2148 aulici
3632 2130 3650 2161 ,

597 2193 890 2268 archiatri,
947 2193 1072 2256 aliis
1127 2191 1496 2270 dignitatibus
1555 2198 1804 2252 ornatus.
1883 2190 1966 2249 Ut
2019 2189 2142 2250 aliis
2195 2188 2385 2250 multis
2402 2229 2421 2258 ,
2476 2189 2559 2248 ita
2611 2189 2929 2269 praesertim
2984 2207 3149 2270 opere
3169 2233 3184 2260 ,
3240 2187 3391 2269 quod
3444 2187 3648 2261 edidit,

595 2295 860 2377 primario
917 2295 1095 2356 Ratio
1149 2295 1391 2354 ardendi
1445 2295 1508 2354 ia
1559 2292 1888 2354 Nosoeom‘o
1929 2291 2190 2366 practico
2251 2291 2651 2350 Vindobonemi
2698 2289 2965 2371 inscripto
3006 2291 3077 2351 de
3116 2298 3235 2352 arte
3274 2291 3499 2353 salutari
3536 2297 3654 2353 tam

595 2398 744 2460 hene
781 2397 1018 2468 meruit,
1064 2402 1128 2458 ut
1167 2396 1492 2458 memoriam
1529 2395 1698 2476 ipsius
1733 2392 2104 2454 conservaturi
2137 2393 2252 2453 sint
2287 2393 2449 2470 nequi
2484 2392 2755 2472 peritique
2788 2412 2971 2454 rerum
2994 2377 3405 2454 medicinalium
3424 2394 3653 2456 iudices.

683 2498 766 2576 ⁴⁸)
826 2499 1169 2560 Consanus
1228 2513 1536 2558 nunnus
1591 2512 1939 2567 mmor,
1996 2493 2461 2571 Culenhurgensis
2478 2539 2493 2566 ,
2550 2513 2699 2555 anno
2750 2497 2903 2558 1715
2944 2496 3179 2556 honesto
3216 2515 3420 2573 genere
3458 2502 3653 2571 natus,

595 2601 667 2662 in
721 2600 1004 2662 medicina
1045 2613 1374 2660 nanuum
1411 2615 1776 2660 oosraamra
1815 2613 2086 2658 semen-1·
2101 2641 2118 2670 ,
2177 2596 2511 2658 Proiessoris
2550 2595 2836 2659 Leidensis
2876 2597 3215 2658 meritissimi
3230 2642 3246 2671 ,
3287 2598 3657 2660 verisimiliter

595 2702 774 2764 etiam
830 2717 1214 2762 mannaan
1265 2699 1596 2782 discipulus,
1658 2700 1790 2762 inde
1844 2699 1918 2762 ab
1973 2715 2125 2760 anno
2169 2701 2322 2764 1737
2363 2718 2539 2779 nsque
2576 2698 2648 2760 ad
2694 2703 2885 2772 1788,
2928 2719 3039 2780 quo
3081 2700 3195 2762 vita
3234 2699 3432 2773 cessit,
3478 2705 3656 2762 artem

595 2805 900 2866 salutarem
953 2802 1014 2864 in
1073 2803 1244 2864 natali
1299 2823 1504 2880 magno
1562 2823 1686 2866 cum
1728 2804 1990 2884 applausu
2033 2801 2306 2864 factitavit
2319 2846 2335 2875 ,
2386 2801 2713 2883 scriptisque
2752 2802 2989 2880 egregiis
3005 2845 3021 2874 ,
3062 2801 3315 2883 inprimis
3358 2803 3657 2879 opusculis

595 2907 823 2968 nodie&
861 2925 914 2967 a:
957 2908 1112 2969 1747
1158 2905 1320 2966 editis
1359 2911 1524 2986 atque
1561 2905 1946 2968 dissertatione
1982 2906 2053 2966 de
2088 2905 2290 2966 morbis
2327 2906 2530 2979 maini,
2568 2923 2709 2986 quae
2750 2923 2846 2966 sex
2890 2905 3054 2966 annis
3094 2913 3219 2987 post
3256 2905 3496 2988 prodiit,
3534 2913 3657 2968 tan-

599 3014 718 3071 tam
761 3012 957 3069 nactus
997 3012 1080 3067 cst
1121 3007 1304 3068 famae
1346 3006 1720 3070 celebritatem
1741 3052 1756 3079 ,
1815 3013 1906 3080 ut,
1949 3024 2244 3069 Gonnus
2281 3008 2341 3069 in
2384 3007 2639 3069 Russiam
2685 3009 2945 3090 profectis
2960 3054 2977 3082 ,
3022 3009 3277 3071 Gelricae
3318 3012 3657 3074 curatoribus

603 3108 944 3172 Academiae
982 3107 1052 3169 de
1093 3108 1312 3171 meliori
1353 3116 1492 3171 nota
1530 3108 1946 3172 commendatus
1982 3110 2166 3173 fuerit.
2248 3110 2506 3171 Consulis
2542 3110 2725 3191 ipsum
2764 3132 2989 3174 munere
3028 3113 3277 3175 functum
3316 3133 3436 3177 csse
3451 3160 3468 3188 ,
3510 3115 3661 3195 quod

609 3213 672 3274 in
711 3212 922 3275 Iaexico
960 3211 1322 3293 biographico
1337 3256 1354 3286 ,
1397 3232 1434 3275 a
1474 3230 1596 3275 vau
1629 3230 1753 3275 nnn
1796 3232 1880 3275 aa
1919 3212 2072 3275 edito
2083 3258 2100 3287 ,
2143 3212 2348 3291 legitur
2363 3256 2382 3287 ‚
2424 3212 2723 3276 secundum
2755 3216 2945 3277 literas
2961 3259 2978 3288 ,
3014 3236 3049 3275 a
3082 3216 3201 3277 viro
3220 3216 3657 3291 consultissimo,

607 3314 704 3396 qui
743 3313 1046 3395 municipio
1092 3314 1531 3393 Culsnburgensi
1572 3316 1646 3379 ab
1679 3317 1820 3378 actis
1859 3316 1995 3389 fuit,
2040 3314 2110 3376 ad
2149 3336 2242 3379 me
2281 3315 2467 3387 datas,
2510 3317 2793 3380 archivum
2828 3338 2941 3381 non
2978 3317 3197 3399 probat.
3260 3318 3351 3379 Oi.
3377 3328 3658 3390 nouauit,

606 3419 650 3479 1.
691 3419 730 3478 l.
772 3418 842 3479 T.
878 3418 962 3479 ΙΙ.
1003 3422 1140 3479 288.

694 3518 778 3599 ⁸⁰)
837 3520 1150 3583 lunanum
1207 3536 1550 3583 naaman
1593 3535 1838 3581 nnuman
1855 3562 1873 3593 ‚
1929 3518 2602 3594 &wintano-Francus,
2644 3538 2795 3581 anno
2840 3523 2993 3584 1687
3038 3526 3230 3594 natus,
3272 3526 3561 3601 postquam
3600 3520 3663 3581 in

613 3620 992 3682 universitate
1053 3621 1290 3683 Halensi
1351 3621 1590 3703 primum
1649 3618 2148 3702 Iurisprudentiac,
2213 3619 2413 3681 deinde
2466 3620 2778 3683 Medicinae
2829 3622 3027 3685 studiis
3066 3642 3291 3703 operam
3332 3625 3659 3694 cavaverat,

615 3742 760 3785 anno
805 3726 962 3787 1716
1007 3722 1338 3785 Academiae
1377 3722 1952 3787 Rheno-Traiectinae
1983 3722 2198 3783 civibus
2239 3721 2545 3803 adscriptus
2560 3766 2577 3794 ,
2620 3724 2809 3804 ibique
2847 3738 3139 3785 nausnam
3176 3730 3235 3785 et
3272 3738 3665 3783 sunnonem

617 3824 904 3908 disciplina
955 3844 1084 3887 usus
1135 3832 1238 3887 est.
1321 3828 1488 3886 Anno
1545 3824 1796 3905 sequenti
1835 3824 2144 3887 medicinae
2183 3824 2380 3885 doctor
2420 3832 2665 3901 creona,
2719 3832 2895 3886 artem
2936 3826 3189 3906 inprimis
3229 3824 3475 3885 exercuit
3510 3824 3571 3883 N
3572 3842 3664 3886 eo·

617 3927 804 4007 magi,
845 3927 940 3989 ubi
983 3948 1095 3989 non
1135 3934 1352 3989 tantum
1394 3928 1634 3989 civitatis
1675 3927 1968 4001 archiatri,
2011 3926 2108 3988 sed
2151 3926 2320 3988 etiam
2357 3927 2599 3987 consulis
2638 3926 2913 4005 dignitate
2952 3933 3181 3989 ornatus
3219 3927 3356 4000 hut,
3398 3946 3503 3989 nec
3542 3946 3665 4007 par·

619 4050 746 4093 vam
778 4030 886 4093 sibi
920 4029 1137 4091 laudem
1173 4030 1384 4112 peperit
1415 4030 1566 4095 edita
1596 4030 1870 4092 Historia
1893 4029 2098 4090 ardica
2129 4030 2198 4089 de
2213 4030 2531 4108 dysenteria
2548 4030 2771 4091 biliom-
2748 4030 3125 4107 -oontaqioea,
3157 4048 3297 4108 qaae
3316 4046 3669 4093 unocuxvi

617 4134 890 4209 Naaman·
929 4140 988 4194 et
1019 4134 1081 4193 ia
1119 4132 1320 4195 vicinia
1357 4133 1413 4193 ei
1437 4134 1613 4209 pagis
1652 4130 1940 4209 epidaurios
1975 4137 2246 4207 massata
2285 4130 2867 4209 fuir.'1·raj.1‘138.
2932 4129 3093 4193 Obiit
3133 4151 3184 4192 a.
3231 4134 3408 4195 1759.

704 4234 786 4315 ⁸¹)
843 4238 1108 4297 Ioannes
1147 4252 1484 4308 cassurus,
1527 4234 1958 4311 Groninganus,
1998 4231 2439 4295 duodevicesimo
2475 4234 2671 4295 aetatis
2704 4254 2885 4295 anno.
2926 4234 3219 4315 superioris
3238 4234 3439 4296 saeculi
3458 4235 3670 4297 scilicet

623 4336 840 4405 decimo
897 4336 1132 4419 septimo
1147 4382 1166 4409 ,
1223 4336 1436 4400 civibus
1491 4336 1877 4399 academicis
1859 4357 1920 4397 in
1959 4336 2132 4398 natali
2173 4336 2507 4418 adscriptus,
2565 4337 2773 4399 ibidem
2816 4344 3051 4418 quatuor
3088 4338 3457 4400 verisimiliter
3494 4358 3670 4400 annos

623 4440 685 4501 in
723 4438 970 4502 medicas
1007 4438 1328 4520 disciplinas
1365 4438 1632 4501 incubuit.
1698 4438 1915 4501 Deinde
1947 4438 2178 4499 Leidam
2213 4438 2506 4517 migravit,
2550 4439 2677 4514 ubi,
2718 4456 3109 4501 nonnum
3138 4448 3489 4521 praeceptore
3507 4458 3667 4513 usus,

627 4560 774 4605 auno
834 4544 994 4607 1722
1050 4541 1362 4605 medicinae
1413 4542 1628 4603 Doctor
1682 4548 1894 4603 creatus
1949 4546 2052 4602 est.
2133 4544 2330 4602 Artem
2386 4540 2632 4603 exercuit
2686 4561 2813 4604 cum
2855 4540 3286 4614 Amstelodami,
3344 4547 3462 4601 tum
3502 4540 3672 4601 etiam

626 4644 860 4709 nomae
875 4688 892 4717 ,
937 4642 1208 4723 variisque
1240 4644 1500 4705 inclaruit
1529 4644 1748 4725 scriptis
1781 4642 1984 4704 medici
2017 4648 2076 4704 et
2108 4641 2405 4720 chirurgici
2440 4646 2780 4721 argumenti=
2823 4644 3204 4706 dissertatione
3234 4644 3303 4703 de
3324 4640 3674 4717 ueneratione

625 4748 826 4837 puris,-
877 4744 948 4831 ab
1009 4744 1310 4812 Academia
1363 4746 1542 4825 Regia
1601 4744 1956 4823 chirurgica,
2013 4762 2155 4824 quae
2193 4744 2419 4807 Parisiis
2454 4746 2673 4820 floruit,
2726 4746 2969 4827 praemio
3008 4750 3205 4807 ornata
3221 4788 3237 4817 ,
3280 4740 3674 4804 exercitatione
