4728 5991
1803 596 2367 702 enarro.
3477 601 3609 670 123

558 817 840 888 curetur
857 865 881 899 ‚
946 814 1028 882 ut
1079 829 1259 882 novo
1305 805 1620 882 aedificio
1661 804 1898 905 plures
1946 804 2139 880 omni
2187 811 2499 905 tempore
2544 807 2981 909 excipiantur
3026 805 3283 884 diversi
3330 809 3609 908 generis

557 935 1027 1031 aegrotantes,
1093 950 1308 1026 quam
1371 926 1446 1001 in
1508 933 1782 1002 vetusto
1832 925 2040 1026 vulgo
2089 925 2377 1026 quidem
2425 927 2782 1006 recubant.
2881 925 3237 1004 Nimirum
3258 985 3279 1018 ,
3330 926 3607 1004 etiamsi

556 1051 868 1128 sufficere
937 1047 1160 1148 possit
1178 1105 1202 1138 ,
1265 1071 1478 1148 quem
1540 1047 1770 1124 adhuc
1837 1045 2216 1124 habuimus
2236 1105 2258 1136 ,
2326 1071 2663 1126 numerus
2730 1047 3069 1128 chronicis
3135 1048 3605 1126 laborantium

553 1171 816 1246 morbis
834 1228 856 1258 ,
925 1168 1144 1268 typho
1213 1173 1490 1244 tantum
1565 1174 1855 1266 excepto
1874 1225 1895 1257 ‚
1961 1166 2362 1268 indigemus
2428 1170 2713 1246 omnino
2776 1168 3023 1246 acutis.
3120 1167 3263 1244 Oui
3317 1168 3605 1268 quidem

550 1289 990 1366 incommodo
1010 1347 1030 1377 ‚
1102 1288 1192 1363 de
1264 1312 1419 1365 mea
1467 1295 1653 1364 certe
1701 1288 2045 1364 sententia
2064 1345 2085 1377 ,
2137 1288 2336 1364 facile
2382 1289 2735 1366 subveniri
2774 1289 3069 1388 poterit,
3119 1287 3221 1364 ita
3266 1287 3605 1364 mutanda

551 1433 794 1484 norma
855 1405 1146 1482 medicis
1210 1406 1630 1506 praescripta
1677 1428 2016 1506 pauperes
2065 1407 2475 1484 curantibus
2492 1467 2515 1499 ‚
2586 1416 2669 1484 ut
2716 1410 2951 1510 plures
2998 1409 3075 1484 in
3124 1408 3601 1485 nosocomium

551 1529 902 1604 dimittere
953 1533 1340 1602 teneantur.

648 1649 888 1748 Atque
954 1646 1082 1722 hac
1150 1645 1326 1720 adeo
1391 1646 1500 1721 vel
1559 1645 1694 1720 alia
1713 1704 1732 1735 ‚
1807 1644 1868 1720 si
1932 1669 2044 1720 res
2095 1643 2194 1720 ita
2238 1644 2457 1735 ferat,
2524 1648 2790 1722 ratione
2850 1671 3015 1722 cum
3072 1652 3347 1722 nostrae
3370 1703 3391 1736 ‚
3442 1652 3601 1722 tum

551 1775 936 1844 ceterarum
1009 1765 1536 1842 universitatum
1611 1764 1970 1840 desideriis
2039 1765 2399 1864 explendis
2418 1825 2439 1854 ‚
2510 1792 2727 1865 quam
2795 1767 3058 1866 optime
3118 1790 3259 1844 non
3320 1772 3599 1842 tantum

551 1887 1014 1964 vindicabitur
1077 1885 1302 1986 patria
1368 1885 1712 1962 medicina
1727 1944 1748 1975 ,
1820 1885 1945 1960 sed
2015 1889 2244 1984 magis
2310 1886 2524 1962 etiam
2594 1886 2959 1986 magisque
3023 1885 3417 1984 perficietur
3433 1943 3456 1975 ‚
3518 1885 3595 1962 in

549 2015 956 2108 perpetuam
976 2063 998 2094 ,
1045 2005 1221 2080 dum
1267 2004 1342 2080 in
1399 2003 1510 2080 his
1555 2004 1753 2080 terris
1803 2005 2186 2084 morabitur
2204 2063 2229 2094 ,
2275 2005 2549 2104 generis
2600 2006 2891 2084 humani
2938 2006 3256 2084 salutem.

643 2363 1144 2466 Magistratum
1219 2361 1692 2438 academicum
1761 2359 2162 2456 deposituro
2221 2359 2397 2435 nihil
2457 2360 2633 2436 mihi
2700 2362 2893 2461 prius
2912 2421 2933 2452 ,
2998 2361 3177 2438 nihil
3236 2362 3597 2462 antiquius

544 2509 699 2560 esse
767 2492 998 2584 potest
1069 2506 1285 2580 quam
1333 2487 1415 2554 ut
1467 2481 1622 2554 Deo
1669 2478 1928 2578 gratias
1979 2501 2184 2576 agam
2201 2535 2222 2567 ‚
2288 2503 2463 2577 quas
2514 2501 2647 2578 ago
2694 2479 3059 2580 habeoque
3112 2505 3327 2580 quam
3377 2483 3593 2558 maxi-

542 2629 701 2680 mas
719 2661 740 2696 ,
773 2627 940 2702 ·pro
1010 2600 1366 2676 beneficiis
1433 2623 1558 2700 per
1621 2605 1849 2674 totum
1911 2597 2098 2674 hunc
2164 2622 2431 2678 annum
2480 2599 2557 2676 in
2604 2623 2719 2678 me
2766 2598 3053 2677 collatis.
3153 2600 3599 2676 Valetudinis

544 2723 814 2799 etenim
885 2721 1336 2821 prosperitate
1353 2779 1376 2810 ,
1444 2725 1842 2796 curatorum
1893 2719 2367 2796 benevolentia
2385 2779 2407 2810 ,
2452 2719 2875 2820 collegarum
2921 2719 3149 2796 favore
3166 2777 3191 2809 ,
3246 2711 3599 2796 studiosae

540 2843 854 2942 denique
905 2841 1290 2917 iuventutis
1337 2840 1773 2918 observantia
1814 2841 1914 2916 ita
1955 2841 2316 2920 sublevata
2357 2847 2525 2920 sunt
2564 2841 2957 2942 gravissimi
2992 2840 3303 2918 muneris
3332 2839 3557 2916 officia
3572 2899 3595 2931 ‚

541 2971 628 3041 ut
685 2969 958 3064 praeter
1021 2985 1180 3037 eam
1195 3019 1217 3050 ,
1290 2985 1468 3062 quae
1525 2963 1796 3039 medico
1847 2963 2206 3064 negotioso
2255 2962 2587 3065 temporis
2635 2961 2901 3041 iactura
2950 2959 3345 3039 continetur
3362 3020 3383 3052 ‚
3436 2961 3594 3038 nul-

546 3084 692 3159 lam
739 3082 914 3157 mihi
959 3106 1244 3180 prorsus
1289 3083 1650 3159 attulerint
1699 3084 2112 3161 molestiam.

645 3202 1030 3301 Reliquum
1075 3208 1184 3277 est
1199 3259 1222 3291 ,
1275 3209 1356 3277 ut
1401 3202 1490 3278 de
1531 3228 1770 3281 rerum
1814 3203 2364 3281 academicarum
2411 3210 2601 3281 statu
2640 3203 2937 3280 referam
2984 3208 3198 3302 atque
3238 3225 3551 3279 enarrem
3571 3260 3594 3294 ,

545 3345 728 3422 quae
747 3380 768 3411 ,
819 3346 936 3395 me
980 3322 1312 3412 Rectum,
1361 3322 1470 3397 vel
1509 3348 1837 3424 prospera
1883 3324 1992 3401 vel
2033 3324 2322 3401 adversa
2368 3324 2533 3399 huie
2584 3325 2957 3401 Musarum
3002 3322 3156 3399 sedi
3194 3322 3592 3401 acciderint.

643 3440 1014 3516 Curatores
1030 3498 1052 3531 ‚
1123 3441 1303 3517 viros
1361 3443 1826 3542 amplissimos
1847 3503 1869 3534 ,
1935 3468 2077 3520 uno
2135 3468 2366 3519 aav1o
2420 3444 2953 3523 honoratissimo
2996 3448 3323 3543 excepto,
3372 3442 3597 3519 salvos

548 3570 620 3635 et
683 3561 1066 3638 incolumes
1133 3586 1284 3637 esse
1302 3620 1323 3652 ‚
1394 3562 1836 3639 vehementer
1901 3564 2312 3665 gaudemus.
2414 3564 2693 3666 Pergite
2714 3624 2737 3656 ‚
2792 3564 2921 3639 viri
2972 3563 3363 3663 gravissimi
3382 3621 3404 3652 ,
3452 3588 3595 3662 qua

549 3680 783 3757 soletis
805 3738 828 3771 ‚
894 3680 1266 3780 prudentia
1329 3682 1583 3757 nostris
1645 3690 1716 3758 et
1770 3707 1928 3759 vero
1979 3685 2242 3784 patriae
2285 3684 2497 3761 rebus
2546 3684 2923 3763 consulere.
3024 3684 3319 3759 Datores
3372 3688 3593 3755 estote

546 3800 888 3876 bonorum
910 3858 932 3889 ,
1011 3801 1354 3899 malcrum
1425 3804 1802 3881 aver-runci.
1925 3802 2146 3881 Vobis
2211 3803 2385 3903 ipsis
2401 3861 2422 3893 ,
2498 3802 2715 3879 etiam
2788 3800 3177 3899 aegrotanti
3242 3800 3547 3899 collegae
3564 3857 3589 3891 ,

549 3923 813 4021 optima
861 3920 1146 4022 quaevis
1188 3945 1662 4021 apprecamur.

647 4043 736 4117 In
781 4048 1090 4118 vestrum
1129 4041 1446 4117 ordinem
1494 4041 1728 4117 oculos
1777 4047 2184 4117 convertens
2198 4097 2221 4130 ‚
2270 4038 2572 4139 collegae
2618 4036 3167 4115 coniunctissimi
3182 4095 3207 4129 ,
3245 4062 3395 4115 non·
3426 4063 3587 4139 pos-

551 4185 710 4237 sum
779 4186 920 4238 non
983 4161 1315 4237 continuo
1375 4162 1644 4237 cladem
1711 4160 2012 4260 cogitare
2031 4218 2052 4250 ‚
2129 4184 2344 4259 quam
2401 4157 2822 4235 inexorabile
2884 4156 3111 4237 fatum
3175 4158 3284 4237 vel
3350 4160 3587 4260 potius

550 4288 778 4358 certus
819 4286 1110 4355 naturae
1149 4304 1394 4355 cursus
1437 4287 1510 4355 et
1552 4302 1712 4354 vero
1752 4278 2139 4354 veneranda
2175 4276 2310 4353 Dei
2348 4277 2665 4355 voluntas
2704 4278 2907 4355 nobis
2948 4278 3211 4357 attulit.
3306 4278 3587 4358 Duum-

552 4400 679 4475 viri
715 4400 870 4475 ‘vita
909 4408 1301 4490 cessei-unm
1351 4424 1527 4499 quos
1567 4397 1809 4498 magni
1856 4397 2148 4477 fecimus
2189 4422 2435 4475 omnes
2454 4456 2477 4488 ‚
2524 4423 2963 4500 quorumque
3013 4399 3421 4479 memoriam
3458 4426 3589 4479 nec

553 4518 726 4595 mihi
743 4576 764 4609 ,
811 4543 938 4596 nec
991 4519 1187 4596 robis
1242 4520 1384 4597 ulla
1423 4520 1574 4595 dies
1621 4518 1902 4597 delebit.

643 4640 744 4715 Et
809 4640 1035 4739 primo
1094 4640 1382 4740 quidem
1431 4664 1754 4717 xonxms
1797 4641 1896 4734 ⁰¹)
1947 4640 2439 4717 memorandus
2480 4646 2630 4731 est,
2682 4640 3023 4717 candidus
3064 4641 3181 4717 ille
3198 4697 3223 4731 ,
3278 4638 3589 4715 bonitate

557 4760 846 4836 affluens
917 4786 1004 4836 ac
1071 4760 1448 4837 concinnus
1523 4760 1762 4839 amicis
1780 4820 1802 4853 ‚
1883 4762 2084 4839 cuius
2153 4760 2389 4839 vultus
2454 4784 2739 4839 serenus
2788 4758 3021 4838 adhuc
3070 4757 3288 4926 oculis
3340 4757 3595 4840 nostris

3106 4880 3201 4954 16
