4728 5991
1106 580 1235 647 122
2284 578 2366 647 G.
2435 578 2978 662 nicaeo

1102 788 1271 864 huic
1332 788 1773 863 incommodo
1836 788 2247 888 prospicere.
2376 787 2591 866 Quod
2654 788 2788 861 etsi
2851 788 3126 887 magnis
3197 788 3388 886 apud
3447 794 3788 863 nostrates
3805 844 3828 877 ‚
3896 786 4156 886 quibus

1105 910 1295 985 iusta
1361 910 1708 985 veneratio
1771 917 2207 985 mortuorum
2262 933 2414 983 esse
2471 909 2645 983 solet
2663 966 2684 998 ,
2749 915 2830 982 ut
2881 908 3046 982 olim
3069 966 3090 997 ,
3145 908 3245 982 ita
3303 931 3491 983 nunc
3535 909 3746 983 etiam
3800 915 4157 1008 prematur

1105 1030 1667 1122 difficultatibus,
1705 1030 2215 1129 amplificandis
2259 1036 2495 1103 tamen
2529 1029 2976 1117 nosocomiis,
3026 1030 3365 1104 mutanda
3409 1027 3834 1104 humationis
3873 1052 4155 1118 norma,

1100 1150 1409 1251 gratuito
1458 1151 1640 1225 ruris
1686 1150 2067 1224 incolarum
2120 1149 2358 1224 lethali
2409 1148 2655 1225 morbo
2703 1148 3166 1223 laborantium
3219 1148 3520 1247 hospitio
3539 1208 3560 1237 ‚
3615 1149 3928 1247 plurium
3975 1150 4153 1224 Aca-

1098 1269 1371 1345 demiae
1436 1269 1615 1345 bene
1676 1269 2057 1344 volentium
2116 1269 2622 1368 conspiratione
2673 1292 2838 1345 cum
2889 1268 3002 1342 hic
3021 1326 3042 1358 ,
3098 1276 3253 1343 tum
3309 1268 3476 1343 alibi
3519 1269 3672 1343 fleri
3717 1292 3920 1369 posse
3942 1327 3963 1359 ‚
4013 1292 4154 1344 non

1100 1398 1211 1465 est
1256 1390 1444 1490 quod
1488 1389 1918 1465 dubitemus.
2198 1366 2214 1383 ⁸

1196 1512 1297 1585 At
1336 1509 1829 1609 physiologicis
1884 1509 2096 1583 etiam
2148 1532 2327 1605 opus
2366 1515 2476 1582 est
2518 1507 2949 1583 laboratoriis
2969 1567 2989 1597 ‚
3035 1506 3407 1582 hodiernae
3451 1506 3860 1607 disciplinae
3905 1508 4158 1583 rationi

1100 1629 1661 1706 accommodatis.
1790 1630 1995 1707 Quae
2064 1625 2405 1703 habemus
2428 1684 2447 1715 ‚
2524 1626 2902 1701 Auditores
2921 1685 2942 1715 ‚
3011 1626 3606 1725 quemadmodum
3689 1627 4114 1706 institutioni
4131 1687 4150 1718 ‚

1100 1751 1201 1825 sic
1264 1773 1545 1848 quoque
1610 1747 1937 1823 scientiae
1981 1744 2464 1845 provehendae
2513 1745 2772 1819 mirum
2826 1754 3169 1845 quantum
3217 1745 3624 1846 profuerint.
3725 1748 3950 1823 Tanta
3999 1770 4154 1821 vero

1100 1870 1585 1945 desiderantur
1604 1926 1625 1957 ,
1694 1874 1779 1941 ut
1850 1867 2125 1966 explere
2189 1866 2472 1940 lacunas
2519 1867 2627 1940 vel
2674 1866 2910 1965 potius
2953 1866 3564 1967 Goettingensium
3625 1874 3699 1941 et
3739 1864 4152 1941 Heidelber-

1104 1989 1428 2091 gensium
1474 1988 1793 2087 exempla
1844 1986 2083 2085 sequi,
2128 1993 2394 2061 ceteros
2443 1986 2921 2085 superantium
2966 2011 3244 2076 omnes,
3295 1987 3388 2061 ad
3435 1986 3699 2087 patriae
3749 1986 4152 2085 disciplinae

1107 2109 1603 2186 vindicandum
1653 2108 1981 2182 honorem
2028 2106 2412 2181 admodum
2455 2106 2921 2181 necessarium
2971 2107 3084 2183 sit.

1201 2230 1399 2309 Quid
1454 2227 1739 2303 tandem
1804 2227 1894 2301 de
1958 2225 2372 2301 nosocomiis
2440 2226 2720 2301 dicam?
2819 2226 2967 2300 Ubi
3033 2234 3338 2325 angusta
3401 2232 3569 2299 sunt
3627 2232 3700 2299 et
3755 2225 3940 2300 male
3990 2248 4150 2303 con-

1098 2356 1398 2439 structa,
1470 2348 1595 2423 ubi
1658 2347 1887 2423 minor
1953 2346 2284 2446 recipitur
2330 2347 2842 2446 aegrotantium
2889 2345 3087 2446 copia
3107 2403 3128 2435 ,
3179 2368 3391 2443 quam
3408 2404 3429 2434 ‚
3479 2344 3862 2420 incolarum
3919 2344 4153 2421 habita

1098 2468 1365 2544 ratione
1385 2526 1406 2558 ‚
1447 2466 1663 2567 recipi
1712 2466 1974 2567 possit,
2024 2464 2361 2566 ampliora
2412 2466 2674 2541 debent
2723 2467 3070 2541 aedificari
3117 2473 3189 2540 et
3225 2464 3602 2541 liberaliter
3639 2464 3933 2554 instrui,
3973 2462 4152 2540 facili

1096 2589 1263 2664 dato
1330 2588 1756 2689 pauperibus
1826 2586 2027 2663 aditu
2092 2587 2356 2685 talique
2409 2610 2575 2662 cum
2623 2587 2912 2663 medicis
2961 2611 3204 2662 eorum
3251 2610 3489 2661 curam
3538 2585 3946 2686 gerentibus
3989 2608 4150 2661 con·

1095 2709 1418 2785 ventione
1481 2708 1665 2784 faeta
1682 2766 1703 2797 ‚
1768 2730 1911 2806 qua
1950 2706 2201 2782 clinica
2215 2766 2235 2795 ,
2285 2730 2499 2805 quam
2557 2714 2841 2796 vocant,
2905 2706 3252 2782 institutio
3307 2731 3521 2807 quam
3567 2707 3830 2807 optime
3875 2728 4150 2806 plumo-

1094 2837 1359 2905 veatur.
1464 2830 1610 2907 Qui
1629 2886 1651 2917 ,
1722 2850 1902 2925 quae
1966 2826 2306 2900 hactenus
2369 2826 2445 2900 in
2505 2827 2903 2903 Academiis
2959 2828 3214 2902 nostris
3267 2828 3551 2905 fuerunt
3591 2827 3958 2917 instituta,
4007 2851 4149 2901 me-

1094 2948 1273 3022 dicis
1324 2946 1645 3047 practicis
1692 2945 2151 3021 informandis
2198 2947 2546 3023 destinata
2567 3007 2588 3038 ,
2639 2948 2749 3023 vel
2791 2948 2986 3048 parvi
3039 2948 3308 3024 ducunt
3345 2949 3456 3025 vel
3503 2948 3768 3024 nullius
3811 2946 3954 3023 fere
4003 2970 4150 3022 mo-

1104 3067 1365 3156 menti,
1436 3073 1561 3142 aut
1604 3091 1691 3142 ea
1734 3089 1877 3140 non
1922 3075 2393 3165 cognoscunt,
2447 3076 2572 3144 aut
2619 3068 2841 3169 inepti
2886 3078 3052 3144 sunt
3094 3069 3345 3144 harum
3391 3093 3626 3168 rerum
3677 3068 3944 3144 iudices
3963 3126 3984 3158 ‚
4033 3073 4154 3142 aut

1100 3186 1423 3261 consulto
1466 3187 1911 3287 cogitateque
1949 3186 2305 3262 veritatem
2348 3187 2742 3264 obscurant.
2821 3188 3182 3264 Ultraiecti
3216 3189 3550 3264 nimirum
3568 3247 3589 3277 ‚
3639 3196 3721 3264 ut
3757 3187 4154 3288 exemplum

1106 3305 1389 3382 afferam
1409 3366 1430 3398 ‚
1502 3306 1929 3406 computatis
1999 3305 2074 3380 in
2132 3306 2532 3382 nosocomio
2593 3306 3179 3382 decumbentibus
3229 3307 3454 3407 aegris
3503 3307 3770 3406 iisque,
3823 3305 3950 3406 qui
3995 3329 4152 3382 con-

1106 3426 1415 3500 sultandi
1480 3451 1689 3544 causa
1747 3426 2029 3502 alternis
2071 3425 2323 3500 diebus
2376 3426 2639 3502 ibidem
2685 3435 3050 3502 versantur
3067 3486 3087 3518 ‚
3139 3427 3250 3502 bis
3287 3427 3478 3502 mille
3523 3435 3594 3502 et
3647 3426 3840 3526 quod
3887 3426 4156 3502 excedit

1104 3547 1479 3646 quotannis
1542 3548 1637 3623 ad
1700 3545 1983 3624 clinieas
2050 3546 2573 3622 exercitationes
2639 3548 3044 3623 inserviunt.
3148 3546 3432 3626 Quibus
3489 3547 3778 3648 quidem
3827 3547 4153 3622 exercita-

1102 3667 1415 3743 tionibus
1480 3668 1606 3768 qui
1658 3668 1901 3743 sedulo
1948 3668 2301 3742 intersunt
2352 3667 2736 3743 medicinae
2791 3667 3130 3757 studiosi,
3185 3667 3539 3742 intersunt
3591 3674 3828 3743 autem
3877 3691 4002 3767 per
4048 3667 4152 3740 in-

1102 3794 1385 3888 tegrum
1449 3787 1814 3862 biennium
1882 3809 2131 3862 omnes
2150 3845 2171 3877 ,
2242 3811 2325 3862 ea
2389 3787 2602 3862 modo
2669 3786 3023 3887 gaudeant
3075 3787 3340 3888 ingenii
3389 3787 3718 3862 felicitate
3739 3845 3760 3876 ,
3815 3787 3968 3888 sine
4017 3809 4156 3884 qua

1104 3932 1313 3982 nemo
1380 3908 1753 4007 quisquam
1822 3931 1983 3982 vero
2054 3906 2338 3982 nomine
2399 3907 2714 3982 medicus
2787 3931 2937 3982 esse
3001 3907 3222 4008 possit
3239 3965 3260 3997 ,
3325 3908 3426 3983 ita
3471 3907 3938 3985 informantur
3955 3965 3976 3995 ,
4033 3913 4112 3980 ut
4131 3963 4152 3994 ,

1108 4027 1353 4126 spatiis
1426 4028 1837 4104 academicis
1905 4027 2216 4104 decursis
2232 4087 2253 4117 ,
2321 4029 2414 4103 ad
2483 4035 2700 4103 artem
2776 4027 3150 4103 salutarem
3213 4053 3343 4104 suo
3415 4029 3648 4103 Marte
3703 4025 4154 4102 factitandam

1110 4145 1443 4222 accedant
1508 4148 1795 4222 omnino
1864 4149 2105 4244 parati.
2207 4147 2724 4238 Nihilominus,
2788 4147 3207 4238 Auditores,
3265 4149 3612 4248 permulta
3651 4147 4152 4222 desiderantur.

1110 4265 1653 4356 Nosocomium,
1700 4265 2049 4342 indefessa
2086 4267 2247 4344 licet
2285 4268 2924 4344 administrantium
2955 4293 3122 4343 cura
3158 4267 3502 4368 probabili
3539 4265 3891 4342 munditie
3927 4266 4154 4340 nitens

1108 4391 1415 4482 aptaque
1458 4391 1534 4458 et
1576 4385 1881 4484 eleganti
1930 4385 2073 4460 fere
2117 4385 2530 4485 supellectili
2573 4385 3032 4474 instructum,
3083 4393 3228 4460 tam
3273 4407 3566 4485 parvum
3611 4391 3754 4474 est,
3796 4391 3946 4458 tam
3980 4381 4154 4457 male

1110 4505 1575 4582 constitutum
1650 4507 2017 4606 aegrisque
2084 4505 2414 4582 curandis
2486 4513 2634 4581 tam
2709 4527 2961 4606 parum
3033 4505 3630 4580 accommodatum
3649 4557 3672 4596 ,
3743 4509 3826 4576 ut
3897 4523 4157 4575 novum

1110 4626 1378 4702 exstrui
1426 4625 1719 4717 debeat,
1768 4623 1961 4726 quod
2000 4649 2165 4703 oum
2218 4626 2756 4716 architecturae,
2810 4633 2964 4700 tum
3015 4625 3226 4700 etiam
3271 4624 3630 4724 hygieines
3679 4629 3753 4698 et
3799 4643 3960 4695 vero
4005 4619 4156 4693 the·

1106 4745 1501 4847 rapeutices
1562 4746 1923 4848 principiis
1983 4746 2297 4848 apprime
2356 4747 2739 4823 oenveniat.
2841 4746 2942 4820 At
2991 4767 3134 4820 non
3181 4744 3351 4820 satis
3400 4743 3666 4819 factum
3721 4741 3934 4817 fuerit
3949 4797 3972 4829 ‚
4022 4737 4159 4813 nisi
