4728 5991
1911 571 2467 641 ORATIO.
3294 672 3319 697 ι
3620 581 3709 650 28

755 781 920 856 Non
977 777 1214 854 minus
1280 801 1494 876 quam
1551 801 2038 854 narranaam
2099 805 2318 870 mors,
2371 781 2616 858 afflixit
2656 807 2785 858 nos
2842 805 3090 860 annu
3141 784 3416 875 obitus,
3462 811 3707 886 quam·

659 925 870 1001 quam
941 898 1032 974 ab
1103 895 1430 974 omnibus
1501 904 1940 996 exspectatus
1958 932 1978 987 3
2052 899 2340 1000 eiusque
2410 902 2509 976 rei
2580 904 2871 979 nuntius
2929 929 3069 980 non
3134 908 3356 982 caruit
3408 908 3707 986 lacrimis

655 1045 896 1098 eorum
918 1077 940 1108 ‚
991 1018 1252 1118 quibus
1301 1017 1674 1094 amabilem
1725 1018 1948 1118 virum
1997 1020 2401 1120 cognovisse
2448 1023 2851 1122 contigerat.

755 1140 1134 1218 Academia
1183 1138 1833 1239 Lugduno·Batava
1852 1197 1872 1226 ,
1923 1163 2102 1236 quae
2149 1139 2332 1216 hunc
2387 1140 2611 1216 virum
2664 1143 3023 1243 egregium
3074 1170 3199 1244 per
3238 1146 3703 1244 quadraginta

657 1263 796 1340 fere
874 1286 1094 1336 annos
1161 1259 1408 1334 habuit
1485 1257 1618 1332 sibi
1692 1257 2090 1334 devinctum
2113 1319 2132 1348 ‚
2205 1283 2344 1335 non
2402 1259 2738 1336 habuerat
2792 1263 3093 1338 eundem
3148 1265 3468 1364 iuvenem
3520 1266 3701 1340 inter

653 1407 818 1459 suos
885 1381 1226 1457 alumnos.
1327 1377 1607 1475 Obtigit
1671 1377 1786 1452 ille
1861 1379 2078 1453 honos
2153 1379 2515 1454 Athenaeo
2584 1381 2838 1456 illustri
2892 1383 3563 1472 Amstelodamensi,
3626 1385 3703 1462 in

653 1527 796 1604 quo
845 1523 1249 1576 LENNRPIUS
1269 1555 1290 1586 ,
1341 1520 1482 1596 quo
1533 1521 1674 1572 uno
1721 1519 2028 1574 ananius
2079 1523 2248 1574 usus
2301 1508 2410 1574 est
2454 1500 2785 1600 magistro
2806 1559 2825 1588 ‚
2876 1501 3233 1578 historiam
3287 1502 3581 1580 docebat
3630 1511 3704 1578 et

653 1625 914 1700 litteras
981 1621 1345 1719 antiquas3
1405 1617 1532 1716 qui
1581 1617 1684 1691 vir
1735 1616 2158 1694 clarissimus
2181 1677 2200 1707 ,
2254 1643 2683 1719 quamquam
2728 1619 3127 1720 peritissimi
3174 1623 3417 1698 harum
3467 1647 3702 1699 rerum

650 1744 916 1820 iudices
976 1741 1265 1816 fortasse
1332 1762 1472 1812 non
1521 1735 1869 1811 immerito
1917 1737 2338 1812 arbitrantur
2388 1764 2551 1814 eum
2601 1765 2642 1813 a
2697 1740 2981 1837 perfecti
3024 1742 3354 1842 philologi
3409 1767 3703 1842 persona

643 1863 1086 1962 aliquantum
1138 1857 1444 1934 abfuisse
1466 1915 1486 1944 ,
1539 1855 1663 1930 ubi
1718 1881 1875 1932 vero
1915 1857 2250 1933 iuveniles
2301 1859 2519 1934 animi
2558 1860 2651 1935 ad
2704 1861 2925 1959 pulcri
2970 1863 3338 1961 decorique
3376 1886 3657 1938 sensum
3678 1921 3699 1951 ‚

648 1983 744 2060 ad
811 1981 1090 2057 virtutis
1153 1977 1675 2074 honestatisque
1737 2001 2040 2052 amorem
2113 1979 2462 2054 excitandi
2510 1989 2779 2068 essent,
2846 1981 3225 2056 certissime
3280 1982 3542 2058 nemini
3594 2007 3697 2056 se-

647 2102 922 2180 cundus
970 2097 1336 2175 habendus
1383 2105 1513 2171 est.
1589 2096 1703 2172 Sic
1753 2097 2014 2172 scilicet
2059 2098 2386 2196 equidem
2441 2099 2721 2198 saepius
2772 2100 2859 2173 de
2904 2123 3267 2176 nanneno
3299 2102 3697 2202 praedican-

649 2231 754 2300 tes
821 2220 1058 2298 audivi
1105 2219 1494 2317 complures
1549 2216 1758 2289 huius
1803 2215 1927 2290 viri
1977 2216 2392 2316 discipulos,
2442 2227 2692 2293 natura
2742 2226 2820 2291 ut
2864 2220 3243 2318 plurimum
3297 2229 3369 2296 et
3418 2221 3699 2320 ingenio

647 2344 952 2419 diversos
1013 2349 1086 2415 et
1145 2340 1220 2413 in
1293 2336 1475 2412 vario
1547 2335 1726 2408 vitae
1785 2359 2035 2456 genere
2090 2337 2735 2434 praestantissimos.
2838 2339 2979 2414 Hic
3024 2340 3241 2439 igitur
3258 2401 3279 2429 ,
3330 2342 3529 2416 cuius
3569 2343 3697 2418 viri

651 2464 940 2538 virtutes
983 2483 1172 2534 nunc
1213 2456 1500 2530 demum
1542 2477 1668 2552 pro
1706 2452 2046 2552 dignitate
2089 2455 2441 2554 expositae
2480 2465 2717 2530 sunta
2743 2457 2887 2531 filio
2918 2458 3473 2557 ingeniosissimo
3491 2521 3511 2550 ,
3563 2463 3695 2537 mi-

643 2609 806 2660 rum
861 2586 1204 2681 quantum
1254 2572 1683 2650 auctoritatis
1727 2572 1977 2648 habuit
2012 2574 2086 2649 in
2131 2575 2504 2650 iuvenilem
2550 2598 2800 2650 annau
2840 2577 3173 2654 animum.
3275 2580 3461 2656 Talis
3503 2581 3694 2657 enim

642 2701 1032 2801 discipulus
1097 2697 1306 2772 talem
1374 2718 1596 2792 quum
1666 2701 1912 2768 nactus
1984 2701 2132 2770 erat
2200 2704 2709 2796 praeceptorem
2727 2753 2747 2782 ,
2819 2695 2933 2770 vix
3002 2696 3201 2772 aliter
3254 2697 3407 2774 fieri
3464 2700 3696 2797 potuit

642 2823 817 2922 quin
869 2845 952 2895 ea
1009 2818 1148 2893 iam
1186 2823 1412 2890 aetate
1453 2821 1526 2888 et
1561 2813 1882 2888 facillime
1925 2814 2348 2915 perciperet,
2392 2815 2565 2914 quid
2600 2815 3039 2914 antiquitatis
3084 2816 3397 2892 studium
3443 2817 3696 2894 valeret

639 2944 717 3019 in
759 2963 986 3018 mores
1005 2998 1026 3029 ‚
1071 2946 1144 3014 et
1175 2935 1508 3013 continuo
1545 2934 1832 3010 sentiret
1874 2934 2048 3035 quid
2095 2934 2170 3011 in
2207 2935 2678 3013 monumentis
2720 2943 2865 3012 tam
2916 2935 3161 3013 veteris
3198 2961 3414 3036 quam
3457 2962 3691 3015 recen-

609 3062 838 3153 ‚tioris
885 3058 1037 3136 aevi
1085 3066 1156 3134 et
1204 3080 1445 3131 verum
1493 3062 1676 3128 esset
1723 3063 1795 3129 et
1841 3055 2182 3155 pulcrum.

739 3180 1015 3257 Deinde
1057 3202 1200 3278 quo
1243 3176 1335 3251 ad
1375 3198 1603 3250 veram
1650 3174 2156 3251 humanitatem
2203 3200 2352 3251 sese
2398 3176 2623 3276 magis
2654 3174 3021 3275 magisque
3058 3200 3367 3253 annuus
3400 3186 3693 3255 verteret

641 3328 784 3380 non
825 3300 1061 3376 minus
1100 3297 1231 3372 hoc
1256 3294 1635 3371 contulisse
1666 3294 1960 3383 videtur,
1997 3297 2190 3396 quod
2219 3298 2479 3373 multos
2503 3322 2721 3372 annos
2754 3296 3023 3395 degerit
3046 3296 3117 3371 in
3145 3296 3410 3399 gremio
3438 3296 3691 3375 domus

643 3446 792 3499 nnn
801 3444 1056 3507 amam
1127 3416 1328 3492 cuius
1391 3416 1621 3515 gentis
1685 3415 2210 3515 antiquissimae
2265 3416 2832 3518 patremfamilias
2872 3416 3154 3493 laudare
3203 3416 3470 3493 solebat
3511 3426 3689 3495 tam·

645 3566 855 3643 quam
899 3537 1280 3637 imaginem
1330 3535 1664 3611 virtutum
1698 3536 2138 3635 patriciarum
2161 3595 2180 3625 ,
2230 3561 2409 3635 quae
2446 3536 2849 3637 longissimo
2879 3537 3237 3613 intervallo
3268 3536 3689 3635 relinqueret

641 3672 746 3740 tot
793 3656 1480 3737 honoratissimorum
1531 3655 1870 3731 maiorum
1912 3664 2200 3755 nepotas
2239 3656 2534 3755 turpiter
2578 3656 2973 3757 degeneres.
3074 3658 3241 3737 Qua
3284 3656 3689 3756 quotidiana

641 3778 1144 3861 consuetudine
1191 3778 1264 3850 in
1313 3776 1576 3851 familia
1615 3774 2042 3851 nobilissima
2091 3775 2228 3851 nisi
2275 3776 2427 3875 ipse
2473 3801 2699 3853 veram
2752 3776 2943 3851 illam
2990 3776 3206 3851 animi
3250 3774 3682 3851 nobilitatem

641 3900 1128 3987 addidicisset,
1191 3921 1404 3996 quam
1465 3904 1822 3995 tantopere
1866 3896 1940 3970 in
1989 3918 2255 3972 salmo
2311 3896 2754 3984 amabamus,
2806 3894 3059 3970 frustra
3104 3894 3248 3969 fere
3293 3918 3533 3969 omnes
3584 3895 3683 3973 illi

641 4023 808 4101 anni
876 4018 1092 4095 videri
1141 4017 1409 4117 possint
1460 4016 1712 4091 abiisse
1731 4075 1751 4105 ‚
1811 4016 2378 4115 quandoquidem
2440 4041 2479 4090 e
2550 4014 2713 4091 filiis
2732 4074 2753 4106 ,
2821 4038 3119 4115 quorum
3178 4014 3497 4090 educatio
3546 4015 3683 4116 ipsi

639 4142 1008 4222 commissa
1054 4138 1280 4213 fuerat
1300 4195 1322 4225 ,
1369 4160 1460 4211 ne
1509 4160 1692 4210 unus
1742 4136 2026 4234 quidem
2077 4136 2338 4210 virilem
2390 4144 2685 4211 aetatem
2735 4134 2990 4234 attigit.

737 4260 1156 4340 Perfunctus
1207 4257 1395 4357 apud
1439 4278 1800 4329 nannmos
1843 4256 2034 4353 quod
2077 4258 2570 4355 praestandum
2628 4256 2853 4330 fuerat
2902 4254 3125 4329 officio
3144 4313 3163 4343 ,
3214 4254 3503 4330 Leidam
3552 4257 3679 4329 mi-

646 4383 868 4487 gravit
919 4399 1226 4455 ananius
1248 4436 1268 4466 ‚
1319 4384 1600 4451 vocatus
1639 4375 2120 4451 Bibliothecae
2159 4376 2579 4453 Academiae
2624 4376 3009 4477 praefectus
3056 4375 3345 4451 secundi
3382 4376 3677 4467 ordinis;

641 4530 780 4605 quo
825 4523 1112 4579 munere
1163 4521 1383 4597 quum
1427 4496 1693 4594 aliquot
1731 4518 1950 4570 annos
1983 4495 2268 4571 functus
2316 4507 2535 4585 esset,
2586 4518 2949 4571 vooasrro
2996 4494 3323 4569 successit
3362 4493 3435 4569 in
3473 4495 3681 4595 primi

643 4624 902 4700 ordinis
971 4619 1419 4721 praefectura.
1522 4618 1756 4695 Quam
1833 4615 2103 4692 felicem
2167 4616 2383 4692 vitam
2453 4616 2637 4691 inter
2696 4640 2826 4691 nos
2881 4614 3125 4691 vixerit
3173 4636 3479 4690 amarus
3500 4674 3519 4703 ‚
3573 4615 3680 4689 vel

639 4746 801 4820 inde
863 4749 1188 4844 apparet,
1258 4738 1446 4837 quod
1507 4762 1868 4836 nunquam
1935 4738 2070 4813 alio
2129 4763 2205 4813 se
2277 4738 2500 4813 vocari
2563 4736 2875 4811 voluerit.
2974 4736 3125 4809 Nec
3179 4756 3343 4808 sane
3396 4732 3671 4809 mirum.
