4728 5991
1068 577 1199 645 108
2252 574 2946 659 c.1.1.onco

1060 810 1304 861 omnes
1368 785 1710 865 convenit.
1812 784 2016 863 Quae
2086 780 2329 882 paucis
2395 781 2652 859 abhinc
2727 783 3088 859 mensibus
3143 783 3233 859 ad
3279 784 3561 859 comitia
3611 783 4126 861 Nederlandica

1055 905 1198 980 lata
1262 903 1397 977 fuit
1464 903 1553 978 de
1598 901 1812 977 rebus
1855 899 2147 975 medicis
2198 897 2606 975 ordinandis
2654 901 2920 1001 rogatio
2940 959 2961 991 ,
3010 902 3216 1002 longe
3270 903 3406 978 alio
3458 902 3708 979 nititur
3757 902 4118 1003 principio.

1054 1023 1454 1099 Defendant
1502 1022 1628 1123 qui
1664 1019 1956 1122 possint.
2060 1018 2414 1117 Equidem
2465 1018 2595 1094 hac
2637 1019 2806 1096 hora
2848 1021 2922 1095 in
2963 1023 3375 1097 contrariam
3415 1030 3686 1123 partem
3721 1022 4117 1123 disputabo.

1050 1142 1299 1217 Dicam
1347 1140 1607 1215 scilicet
1654 1163 1753 1214 ns
1802 1160 2081 1213 mrsu
2130 1159 2500 1212 immonni
2523 1195 2546 1228 ,
2598 1162 2750 1215 cun
2800 1162 3210 1217 ssavsnms
3230 1199 3254 1232 ‚
3304 1164 3460 1217 ‘rtur
3495 1165 3731 1217 nrm:
3761 1165 4118 1232 runnms,

1052 1286 1193 1337 nnc
1264 1283 1496 1337 mnus
1569 1281 2147 1335 urmrromms
2214 1279 2885 1334 umvsasimnsns
2955 1283 3249 1334 tuamor
3316 1283 3659 1335 oommm
3724 1285 3961 1338 causa
4025 1285 4118 1337 m·

1055 1404 1519 1457 vmmcmns
1580 1403 1673 1455 ιιι·
1743 1403 1939 1454 vnao
2001 1400 2519 1455 suanorum.
2642 1377 2823 1467 Vos,
2888 1377 3304 1468 Auditores,
3372 1378 3608 1453 faciles
3677 1380 3854 1454 mihi
3913 1404 4118 1457 aures

1049 1501 1439 1601 praebeatis
1459 1558 1480 1590 ,
1530 1522 1853 1601 quaeque
1896 1498 2228 1573 orationis
2281 1496 2669 1597 elegantiae
2728 1498 3168 1597 castitatique
3213 1498 3538 1573 deficiant
3554 1557 3578 1590 ‚
3625 1500 3898 1575 medico
3951 1524 4114 1575 oon·

1052 1621 1325 1696 donetis
1345 1679 1367 1710 ,
1438 1618 1593 1694 aliis
1660 1616 1914 1692 studiis
1984 1624 2057 1690 et
2102 1616 2402 1716 negotiis
2457 1644 2499 1691 a
2549 1618 2799 1693 litteris
2840 1616 3369 1694 humanioribus
3419 1642 3562 1692 non
3611 1617 3910 1695 alienato
3959 1617 4114 1717 qui-

1050 1740 1209 1815 dem
1230 1798 1255 1828 ‚
1305 1744 1381 1813 at
1426 1744 1711 1813 avocato
1760 1744 1994 1811 tamen
2015 1793 2037 1825 ‚
2088 1736 2301 1811 etiam
2350 1744 2565 1836 atque
2613 1737 2828 1813 etiam
2877 1738 3085 1837 rogo!

1145 1859 1262 1933 An
1330 1857 1524 1932 utilis
1584 1865 1693 1932 est
1750 1855 2105 1931 Medicina
2122 1858 2159 1930 P
2244 1858 2359 1931 An
2412 1857 2679 1957 publici
2721 1857 3070 1933 commodi
3116 1880 3327 1931 causa
3380 1854 3712 1930 vindicari
3757 1856 4114 1931 meretur?

1045 1980 1302 2053 Nonne
1364 1976 1654 2052 medicis
1713 2000 1943 2052 carere
2006 1978 2433 2074 possumus?
2524 1978 2760 2068 Quot,
2812 2002 3071 2077 quaeso
3090 2035 3112 2065 ,
3160 1974 3406 2050 funera
3454 1974 3830 2076 quotannis
3876 1978 4116 2075 eluge-

1044 2122 1203 2171 mus
1224 2156 1246 2187 ,
1316 2095 1591 2172 etiamsi
1657 2094 2042 2171 doctissimi
2088 2095 2443 2197 iidemque
2494 2096 2896 2196 peritissimi
2936 2094 3188 2171 medici
3228 2095 3423 2168 omni
3461 2118 3595 2195 ope
3641 2100 3856 2194 atque
3901 2118 4112 2195 opera

1046 2217 1235 2292 enixi
1285 2217 1426 2291 sint
1476 2216 1835 2292 carissima
1893 2214 2121 2315 capita
2192 2238 2461 2289 servare
2481 2214 2517 2287 P
2612 2215 2850 2294 Quam
2919 2213 3129 2288 multi
3180 2211 3662 2287 valetudinarii
3715 2218 3934 2287 semet
3975 2210 4114 2312 ipsi

1044 2345 1336 2424 curant,
1407 2335 1551 2410 sive
1614 2335 1851 2435 quiete
1902 2343 1974 2409 et
2036 2332 2459 2409 abstinentia
2480 2391 2503 2424 ,
2571 2333 2716 2409 sive
2758 2358 2945 2433 aqna
2963 2393 2986 2423 ,
3039 2331 3182 2407 sive
3231 2356 3370 2407 una
3416 2330 3714 2407 alterave
3763 2356 3850 2407 ex
3901 2332 4110 2407 innu-

1040 2456 1250 2530 meris
1310 2454 1631 2555 panaceis
1650 2514 1672 2545 ,
1743 2480 1921 2555 quse
1966 2476 2316 2553 nusquam
2361 2478 2504 2528 non
2550 2452 2867 2529 altisonis
2917 2452 3350 2553 argumentis
3396 2451 3710 2552 quotidie
3757 2475 4111 2528 commen-

1042 2573 1351 2648 dantur?
1426 2574 1719 2649 Constet
1779 2573 1923 2647 imo
1942 2629 1963 2661 ,
2036 2569 2263 2645 salvos
2316 2593 2680 2671 superesse
2697 2627 2720 2661 ‚
2751 2570 2897 2670 ·qui
2949 2572 3099 2645 sine
3147 2571 3492 2646 medicina
3541 2570 3800 2647 mortui
3840 2570 4110 2661 forent,

1038 2718 1271 2768 nonne
1340 2693 1578 2793 plures
1644 2692 1814 2767 artis
1880 2689 2165 2789 ineptiis
2230 2689 2588 2763 intereunt
2602 2746 2624 2778 ‚
2700 2690 2826 2789 qui
2870 2697 3162 2765 naturae
3209 2690 3433 2766 relicti
3473 2690 3672 2766 facile
3719 2689 4110 2766 convaluis-

1044 2820 1199 2887 sent
1221 2813 1257 2886 Ρ
1355 2811 1750 2910 Equidem,
1817 2808 2239 2898 Auditor-es,
2313 2807 2439 2907 qui
2496 2831 2622 2905 per
2668 2806 2956 2906 triginta
3004 2806 3146 2883 fere
3193 2833 3414 2885 annos
3463 2818 3684 2885 artem
3731 2810 4110 2885 salutarem

1038 2931 1345 3007 maxima
1407 2954 1570 3004 cum
1634 2927 1895 3003 fiducia
1956 2950 2102 3002 non
2152 2933 2432 3003 tantum
2484 2927 2802 3019 exercui,
2870 2927 2995 3003 sed
3044 2928 3254 3005 etiam
3303 2928 3550 3022 docui,
3598 2928 3866 3021 habeo,
3916 2928 4110 3031 quod

1038 3049 1538 3127 blandimentis
1587 3049 1743 3123 istis
1790 3072 2142 3147 reponam.

1134 3170 1319 3243 Fieri
1385 3166 1717 3257 subinde,
1787 3167 1863 3241 in
1929 3173 2165 3242 nostra
2225 3165 2440 3240 etiam
2487 3165 2753 3266 patria,
2823 3175 2904 3241 ut
2945 3169 3128 3243 male
3181 3139 3405 3244 curati
3455 3175 3750 3244 mortem
3797 3166 4103 3256 obeant,

1038 3289 1164 3390 qui
1224 3287 1503 3364 meliore
1562 3287 1849 3362 consilio
1911 3286 2167 3361 servari
2228 3286 2666 3386 potuissent,
2745 3288 3169 3387 experientia
3226 3285 3476 3364 doctus
3531 3311 3674 3362 non
3735 3294 3846 3362 est
3911 3285 4105 3386 quod

1039 3409 1355 3484 diffitear.
1452 3406 1849 3483 Permultos
1922 3429 2119 3494 vero,
2190 3404 2345 3480 Deo
2423 3403 2738 3495 favente,
2813 3407 3092 3481 sanitati
3167 3407 3480 3497 restitui,
3553 3406 3680 3507 qui
3731 3406 3882 3480 sine
3933 3403 4104 3479 artis

1038 3529 1297 3604 auxilio
1342 3527 1449 3602 vel
1495 3526 1819 3602 exstincti
1866 3524 2203 3614 fuissent,
2252 3524 2403 3613 vel,
2458 3526 2651 3624 quod
2692 3525 2894 3625 peius
2921 3524 3272 3616 wfortasse
3318 3527 3412 3602 ad
3441 3534 3832 3600 extremum
3875 3547 4102 3623 usque

1039 3648 1274 3722 miseri
1294 3706 1317 3736 ‚
1388 3645 1984 3747 quemadmodum
2046 3643 2329 3742 optimis
2394 3645 2624 3718 omnis
2667 3644 2820 3718 aevi
2871 3667 3306 3721 Anscunsrn
3354 3643 3690 3720 ministris
3708 3701 3731 3735 ,
3780 3643 3882 3719 ita
3925 3641 4102 3716 mihi

1039 3792 1319 3866 quoque
1406 3765 2015 3867 persuasissimum
2104 3770 2233 3838 est.
2362 3762 2518 3837 Nec
2584 3761 2901 3863 protinus
2969 3764 3232 3840 crimen
3297 3764 3466 3838 artis
3531 3769 3674 3854 est,
3747 3771 3834 3837 ιιι
3913 3769 4102 3837 recte

1037 3910 1305 3961 onasus
1358 3885 1497 3975 ait,
1565 3885 1625 3958 si
1668 3885 1859 3985 quod
1910 3881 2317 3984 professoris
2364 3882 2481 3958 sit.
2579 3883 2712 3956 Est
2757 3891 2996 3958 autem
3045 3908 3160 3958 ars
3207 3883 3365 3971 illa,
3411 3882 3665 3958 lubens
3715 3881 4096 3970 assentior,

1034 4005 1235 4079 valde
1288 4003 1711 4102 imperfecta.
1825 4003 2099 4078 Multae
2159 4009 2330 4076 sunt
2375 4002 2812 4078 conditiones
2857 4002 3218 4078 morbosae
3243 4061 3266 4091 ‚
3311 4025 3490 4102 quas
3527 4025 3758 4100 neque
3811 4001 4054 4076 tollere
4071 4057 4094 4090 ,

1038 4147 1268 4221 neque
1315 4121 1426 4196 vel
1474 4121 1843 4196 emendare
1886 4145 2261 4221 possumus
2280 4179 2301 4210 ,
2353 4123 2627 4196 etiamsi
2679 4128 2954 4195 mature
2973 4179 2995 4210 ,
3045 4121 3236 4221 quod
3275 4145 3427 4195 raro
3461 4119 3846 4220 contingit,
3893 4120 4094 4196 auxi-

1034 4241 1209 4316 lium
1270 4247 1585 4314 nostrum
1653 4239 2082 4340 imploretur.
2185 4239 2349 4314 Non
2411 4265 2672 4339 paucae
2733 4265 3016 4340 quoque
3038 4299 3059 4330 ,
3125 4240 3384 4341 quibus
3429 4239 3504 4314 in
3549 4240 3890 4339 principio
3933 4238 4094 4339 qui-

1038 4359 1200 4434 dem
1260 4357 1429 4433 artis
1486 4359 1755 4458 peritus
1810 4359 2028 4434 veluti
2072 4357 2304 4434 frenos
2349 4359 2632 4434 iniicere
2679 4361 2944 4460 possit,
3011 4385 3190 4461 quae
3241 4384 3400 4434 vero
3443 4359 3739 4434 ulterius
3775 4381 4093 4458 progres-

1038 4503 1191 4568 sae,
1260 4477 1609 4578 quidquid
1672 4479 2001 4554 moliatur
2062 4477 2311 4554 artifex
2336 4537 2360 4570 ‚
2435 4478 2764 4552 effrenate
2841 4503 3126 4554 cursum
3195 4478 3572 4553 conficiunt
3642 4487 3716 4552 et
3791 4483 4093 4551 mortem

1036 4598 1361 4674 adferunt
1410 4603 1692 4674 certam.
1789 4599 1892 4673 At
1938 4597 2040 4672 dii
2085 4598 2253 4672 boni
2274 4650 2299 4690 ‚
2350 4622 2564 4697 quam
2614 4621 2821 4698 saepe
2867 4597 3087 4672 tristis
3133 4597 3534 4703 morborum
3579 4605 3870 4672 eventus
3914 4595 4092 4694 ipsis

1036 4725 1145 4792 est
1186 4716 1707 4819 aegrotantibus
1752 4717 2211 4820 imputandus
2228 4774 2251 4808 ,
2296 4717 2407 4792 vel
2445 4716 2630 4792 male
2677 4715 2938 4791 sedulis
2981 4716 3226 4792 amicis
3269 4725 3396 4792 aut
3438 4715 3790 4818 cognatis!
3839 4713 4087 4790 Absti-
