4728 5991
1098 573 1227 637 128
2276 577 2970 663 G.1.1.0NCQ

1094 779 1258 854 fecti
1322 780 1485 855 huic
1553 782 1777 855 ordini
1846 792 2079 857 nostro
2130 784 2459 883 adscripti
2511 786 2696 861 estiS.
2799 789 2967 865 Quo
3013 812 3131 861 vos
3183 786 3415 862 animo
3463 788 3968 888 receperimus,
4021 814 4142 863 ex-

966 948 971 951 -
1094 901 1321 975 cidere
1390 902 1723 975 memoria
1771 912 1995 977 vestra
2044 904 2355 978 nondum
2407 907 2660 1003 potuit.
2759 907 3076 1007 Pergite,
3129 909 3318 1007 quod
3374 908 3600 982 facitis
3621 968 3642 996 ,
3693 908 3908 997 eniti,
3959 908 4142 983 desi-

1096 1020 1369 1094 deratos
1436 1032 1517 1095 ut
1580 1047 1719 1096 non
1782 1024 2123 1098 industria
2194 1024 2440 1113 modo,
2509 1025 2631 1098 sed
2683 1026 2892 1100 etiam
2943 1027 3240 1101 candore
3261 1086 3284 1115 ,
3335 1027 3851 1116 benevolentia,
3901 1028 4142 1103 officiis

1090 1142 1425 1239 aequetis.
1526 1142 1775 1240 Neque
1848 1168 2010 1217 sane
2092 1145 2311 1217 nostri
2385 1154 2700 1233 tantum,
2771 1155 2846 1221 at
2915 1146 3334 1222 Academiae
3405 1147 3514 1221 vel
3575 1148 3880 1222 maxime
3931 1172 4142 1223 eausa

1090 1286 1261 1359 rogo
1310 1260 1441 1335 hoc
1492 1272 1563 1335 et
1606 1289 1649 1335 a
1703 1262 1895 1336 vobis
1947 1272 2131 1361 peto.
2230 1264 2543 1339 Dissidia
2591 1290 2892 1364 namque
2944 1268 3308 1342 doctorum
3365 1276 3446 1341 ut
3491 1291 3714 1341 noxae
3763 1277 3932 1341 sunt
3987 1276 4138 1341 stu-

1094 1381 1306 1457 diosis
1326 1440 1346 1471 ,
1396 1381 1495 1455 ita
1536 1383 1899 1456 concordia
1943 1384 2199 1457 mirum
2242 1395 2586 1483 quantum
2631 1387 2962 1486 proficiat.
3065 1387 3266 1475 Tibi,
3319 1387 3766 1461 dilectissime
3807 1410 4138 1475 xosna,

1095 1504 1295 1577 cuius
1360 1503 1682 1575 valetudo
1746 1503 2063 1577 nonnihil
2134 1505 2388 1579 afflicta
2457 1505 2634 1594 fuit,
2709 1515 2790 1579 ut
2857 1507 3137 1605 ingenio
3199 1507 3646 1605 doctrinaque
3707 1506 4140 1605 permultum

1094 1630 1440 1721 praestare
1504 1622 1765 1719 possis,
1834 1623 2207 1720 aliquando
2264 1625 2478 1699 latera
2525 1625 2933 1724 contingant
2952 1685 2972 1715 ,
3025 1626 3258 1726 qualia
3307 1626 3564 1700 diserto
3609 1625 3772 1701 huic
3815 1625 4140 1723 theologo

1098 1742 1408 1818 benefica
1483 1742 1764 1815 donavit
1831 1750 2098 1818 natura.
2222 1743 2374 1831 Tu,
2448 1744 3024 1819 aestumatissime
3095 1766 3244 1818 vsu
3315 1766 3770 1831 oosrsnzn,
3847 1754 4140 1818 naturae

1097 1861 1434 1935 beneficio
1500 1862 1597 1936 ita
1666 1863 1881 1935 utaris
1904 1920 1925 1950 ,
2002 1872 2083 1936 ut
2158 1872 2509 1938 aeternam
2585 1863 2938 1937 veritatem
3005 1863 3386 1937 intonando
3451 1862 3654 1962 quasi
3715 1862 4137 1962 promulges.

1098 1982 1493 2056 Incolumes
1537 1981 1661 2053 diu
1710 2007 1831 2055 vos
1872 1982 2124 2056 habeat
2170 1983 2586 2071 Academia,
2631 1982 2886 2057 habeat
2929 1983 3192 2081 patria,
3242 1982 3496 2057 habeat
3543 1981 3732 2058 orbis
3775 1982 4134 2057 eruditus!

1195 2099 1341 2175 Vos
1394 2124 1674 2188 omnes,
1748 2100 1875 2174 viri
1924 2101 2325 2191 clarissimi,
2383 2127 2506 2201 per
2551 2102 2828 2201 longam
2875 2126 3214 2176 annorum
3266 2102 3512 2176 seriem
3569 2102 3668 2176 ita
3725 2102 3968 2178 vivatis
3989 2160 4010 2191 ,
4058 2108 4140 2177 ut

1100 2227 1325 2294 vestro
1378 2220 1675 2294 maxime
1728 2219 1960 2294 labore
2008 2221 2247 2294 florere
2295 2231 2544 2321 pergat
2590 2221 2757 2296 haec
2804 2222 3186 2297 Academia
3232 2220 3938 2298 Rheno-Traiectinal

1196 2461 1257 2533 E
1302 2457 1569 2533 civibus
1616 2458 2023 2535 academicis
2066 2459 2209 2534 duo
2250 2460 2576 2549 iuvenes,
2623 2461 2942 2561 ingenie,
2984 2460 3235 2535 studiis
3271 2483 3352 2534 ac
3395 2459 3704 2534 moribus
3741 2459 4138 2559 conspicui,

1094 2578 1283 2679 quod
1354 2581 1655 2680 graviter
1725 2580 2082 2670 dolemus,
2154 2604 2337 2655 anno
2405 2580 2754 2680 superiore
2826 2578 3174 2653 demortui
3235 2584 3442 2653 sunt:
3491 2602 3908 2653 nvnnmnus
3953 2600 4136 2652 m-

1094 2725 1366 2777 uamus
1436 2725 1725 2775 aaaron
1794 2723 1943 2775 vm
2014 2724 2195 2775 εἴη,
2260 2709 2333 2775 et
2409 2724 2799 2776 musanus
2887 2722 3256 2774 muamus
3343 2722 3698 2774 aurosus.
3807 2698 4136 2797 Lugeant

1096 2828 1454 2922 parentes,
1504 2822 1791 2919 lugeant
1830 2819 2036 2894 amici
2057 2878 2077 2909 ,
2130 2820 2254 2893 sed
2298 2820 2742 2919 acquiescant
2788 2818 2862 2893 in
2921 2819 3272 2893 voluntate
3313 2818 3644 2893 Numinis
3699 2816 4064 2917 Supremil

1196 2940 1333 3015 Vix
1402 2940 1585 3015 ullus
1642 2939 1948 3038 exigitur
2003 2964 2229 3015 annus
2251 2999 2271 3029 ,
2339 2940 2513 3039 quin
2571 2939 2805 3040 plures
2861 2939 3118 3015 obeant
3161 2963 3248 3014 ex
3287 2938 3414 3028 iis,
3465 2962 3642 3040 quos
3691 2938 3920 3014 Pallas
3969 2938 4137 3014 Tra·

1100 3061 1353 3136 iectina
1398 3059 1589 3135 fovit.
1690 3061 1799 3133 De
1839 3059 1949 3133 his
1994 3084 2153 3135 vero
2170 3118 2191 3149 ,
2244 3060 2368 3159 qui
2384 3120 2405 3149 ,
2458 3061 2696 3161 spatiis
2743 3059 3154 3138 academicis
3199 3059 3508 3134 decursis
3526 3118 3548 3148 ,
3595 3059 3670 3134 in
3717 3060 3931 3136 vitam
3973 3059 4138 3136 civi-

1100 3182 1237 3255 lem
1312 3179 1738 3268 introierint,
1809 3180 1945 3253 nisi
2006 3181 2137 3255 hac
2184 3180 2256 3254 in
2312 3181 2680 3254 Musarum
2735 3180 2898 3254 sede
2951 3180 3092 3254 sive
3139 3177 3546 3278 professorio
3595 3179 3738 3254 sive
3776 3180 3913 3255 alio
3965 3203 4138 3278 quo-

1101 3302 1264 3376 dam
1335 3324 1619 3374 munere
1686 3299 1911 3374 functi
1980 3301 2156 3389 sint,
2228 3327 2271 3376 a
2334 3301 2630 3376 Rectore
2681 3300 3094 3400 magistratu
3143 3297 3446 3373 abeunte
3493 3298 3754 3374 mentio
3803 3299 3958 3374 fieri
3995 3321 4140 3374 non

1103 3423 1297 3495 solet.
1396 3420 1657 3519 Ecquis
1700 3427 1937 3494 autem
1990 3420 2315 3510 miretur,
2364 3429 2604 3496 contra
2647 3445 2908 3495 morem
2949 3427 3022 3494 et
3069 3417 3642 3494 consuetudinem
3697 3440 4138 3494 nnuman·

1100 3565 1259 3617 mm
1326 3541 1455 3631 ¹⁰⁰)
1530 3565 1641 3615 me
1704 3564 2239 3616 commemorare
2260 3600 2280 3631 ,
2349 3540 2712 3616 Leidensis
2773 3539 3195 3614 Academiae
3216 3597 3236 3628 ,
3286 3563 3450 3613 cum
3511 3539 3806 3628 viveret,
3859 3539 4092 3614 lumen
4113 3594 4137 3626 ‚

1097 3661 1383 3736 ineunte
1452 3668 1714 3736 aestate
1780 3669 2115 3760 tanquam
2172 3661 2246 3736 in
2306 3661 2573 3760 gremio
2627 3660 2848 3736 almae
2900 3659 3139 3734 matris
3192 3683 3334 3733 non
3383 3659 3756 3757 improviso
3805 3657 4092 3756 quidem
4112 3713 4136 3745 ‚

1096 3791 1172 3860 at
1220 3781 1456 3857 subito
1500 3781 1643 3856 fere
1690 3781 2161 3856 exstinctum?
2239 3779 2665 3855 Meministis
2709 3779 2976 3854 tristem
3023 3779 3224 3854 illum
3267 3777 3453 3852 diem
3475 3835 3498 3868 ,
3547 3803 3590 3852 a
3631 3799 3944 3866 oona-ro,
3993 3776 4139 3850 viro

1096 3902 1475 3979 clarissimo
1493 3959 1515 3990 ,
1582 3909 1727 3975 tam
1786 3898 2133 4000 exquisite
2187 3899 2542 3999 depictum
2601 3900 2730 3992 ¹⁰¹)
2753 3957 2776 3988 ,
2841 3923 2982 3997 quo
3025 3923 3188 3973 cum
3229 3906 3423 3999 patre
3448 3955 3470 3986 ,
3518 3923 3682 3973 cum
3735 3896 4018 3996 collegis
4067 3903 4142 3970 et

1102 4021 1459 4120 discipulis
1508 4019 1821 4094 defuncti
1884 4020 2147 4094 funeris
2192 4019 2560 4118 exsequias
2605 4017 2951 4119 prosecuti
2991 4041 3255 4092 sumus.
3357 4019 3680 4098 Quantas
3725 4024 3878 4092 tum
3939 4015 4136 4092 audi-

1100 4140 1330 4214 vimus
1394 4139 1675 4214 laudes!
1785 4141 2021 4218 Quam
2086 4139 2508 4238 singularem
2569 4136 3021 4238 cognovimus
3091 4138 3434 4212 amorem!
3536 4136 3719 4216 Quis
3785 4145 4091 4213 vestrum
4115 4193 4136 4226 ,

1098 4259 1476 4335 Auditores
1496 4315 1516 4346 ,
1566 4265 1911 4355 quotquot
1961 4257 2318 4332 adfueritis
2338 4317 2359 4346 ,
2409 4282 2547 4332 non
2589 4265 2738 4333 toto
2779 4263 3053 4357 pectore
3099 4264 3336 4333 motus
3381 4267 3454 4331 et
3503 4256 3646 4332 fere
3691 4256 4140 4356 perturbatus

1098 4407 1143 4456 a
1190 4377 1463 4452 tumulo
1508 4375 1875 4450 discessit?
1947 4376 2149 4451 Tales
2195 4377 2465 4452 utinam
2513 4377 2769 4452 multos
2814 4376 3115 4476 proferat
3159 4377 3330 4452 haec
3373 4376 3756 4452 Academia
3805 4376 3986 4452 viros
4005 4377 4046 4451 Ξ-

1194 4498 1331 4573 Pro
1380 4503 1575 4596 parte
1621 4494 1753 4570 hoc
1792 4502 2106 4571 nostrum
2152 4495 2283 4570 erit
2302 4552 2325 4583 ,
2386 4495 2688 4594 collegae
2706 4554 2727 4585 ,
2789 4519 2914 4594 pro
2957 4492 3202 4572 maiori
3255 4518 3414 4569 vero
3459 4483 3804 4585 vestrum,
3851 4493 4139 4568 iuvenes

1094 4615 1549 4696 ornatissimi!
1623 4615 1977 4691 Nimirum
2048 4640 2185 4690 nou
2249 4613 2724 4690 infunduntur
2793 4613 3182 4704 doctrinae,
3255 4613 3378 4688 sed
3437 4613 3933 4702 addiscuntur,
3995 4637 4139 4688 non

1093 4737 1393 4814 traditur
1456 4733 1852 4812 humanitas
1870 4793 1891 4824 ,
1962 4735 2085 4810 sed
2148 4741 2538 4834 generatur.
2658 4733 3038 4810 Addiscere
3090 4757 3251 4810 vero
3301 4732 3451 4810 sine
3501 4733 3734 4809 labore
3751 4791 3774 4824 ,
3821 4732 4140 4833 generari
