4728 5991
1136 565 1265 630 208
2162 564 2210 628 Ι.
2274 563 2325 630 Ι.
2390 584 2540 628 vsu
2599 561 3183 629 oosTERzEE

1132 772 1321 847 Luce
1347 830 1365 859 ‚
1438 773 1507 845 in
1587 769 1865 844 Christo
1919 767 2125 843 nobis
2183 768 2524 844 concessis
2541 803 2560 858 3
2615 768 2874 869 quibus
2927 769 3101 844 adeo
3157 793 3403 866 parum
3458 769 3820 845 convenire
3867 769 4166 858 videtur,

1133 892 1220 965 de
1294 890 1577 966 veritate
1650 889 1973 989 religiosa
2035 889 2132 963 ita
2206 889 2562 988 disputare
2584 948 2605 978 ,
2673 914 2753 964 ac
2827 889 2886 965 si
2948 913 3308 989 nunquam
3362 889 3636 988 Aliquis
3690 889 3799 963 his
3854 888 3926 962 in
3981 889 4166 963 terris

1129 1010 1600 1110 apparuisset,
1673 1011 1795 1109 qui
1865 1011 2029 1110 Ipse
2113 1011 2186 1082 V
2178 1011 2489 1084 eritalem
2535 1035 2609 1084 se
2658 1010 2952 1099 diceret,
3015 1010 3358 1108 cuiusque
3403 1009 3621 1109 igitur
3667 1008 3992 1109 discipuli
4035 1033 4162 1084 non

1130 1130 1433 1228 amplius
1490 1129 1849 1205 veritatem
1910 1127 2398 1204 recensendam
2448 1129 2708 1204 habent
2756 1130 2937 1204 inter
2985 1129 3175 1204 Deos
3231 1131 3501 1204 Deasve
3553 1129 3830 1229 ignotos
3851 1187 3872 1216 ,
3921 1128 4166 1227 quibus

1131 1249 1320 1349 apud
1388 1248 1849 1323 Athenienses
1918 1248 2157 1323 altaria
2205 1249 2602 1348 templaque
2648 1257 2998 1324 exstructa
3051 1255 3267 1323 erant.
3355 1248 3575 1323 Unde
3625 1248 3762 1323 iam
3817 1249 4162 1348 sequitur,

1130 1369 1334 1444 nobis
1373 1379 1534 1444 ante
1578 1368 1812 1443 omnia
1854 1367 1941 1442 de
1986 1368 2272 1443 indicati
2314 1367 2748 1468 Scepticismi
2791 1371 3184 1444 charactere
3217 1369 3641 1468 loquendum
3681 1393 3874 1456 esse,
3920 1367 4165 1466 quippe

1128 1489 1319 1564 haud
1384 1515 1523 1564 uno
1587 1490 1867 1564 nomine
1938 1489 2027 1563 ab
2102 1488 2490 1588 antiquiore
2565 1487 2852 1563 diverso
2953 1481 3114 1563 Alia
3161 1489 3346 1562 enim
3401 1489 3536 1562 fuit
3589 1486 3957 1561 dubitandi
4003 1487 4164 1561 ratio

1128 1615 1339 1709 atque
1414 1609 1783 1684 methodus
1852 1607 2039 1707 apud
2112 1608 2556 1708 philosophos
2605 1610 2906 1684 Graecos
2926 1666 2945 1697 ,
2995 1607 3128 1682 alia
3177 1607 3367 1707 apud
3417 1607 3826 1706 Theologos,
3853 1615 3962 1680 est
3984 1665 4003 1694 ,
4051 1606 4165 1704 qui

1130 1728 1409 1802 Christo
1483 1751 1735 1800 nomen
1813 1727 2175 1800 dederunt.
2276 1725 2480 1817 Alia,
2555 1734 2634 1801 ut
2683 1726 2813 1802 boc
2863 1734 3059 1814 utar,
3127 1727 3318 1826 apud
3361 1726 3935 1813 Franco-GalloS,
3984 1725 4163 1799 haud

1126 1873 1277 1923 raro
1326 1846 1548 1921 frivoli
1589 1845 1858 1946 ingenii
1900 1853 2097 1918 motu
2142 1843 2466 1942 abreptos
2490 1902 2509 1932 ‚
2560 1844 2693 1919 alia
2736 1843 2925 1943 apud
2969 1846 3352 1918 Germanos
3372 1903 3391 1933 ‚
3445 1845 3655 1919 serios
3693 1852 3766 1918 et
3806 1843 4160 1918 severiores

1126 1967 1408 2066 ingenio
1433 2025 1451 2055 ‚
1505 1974 1576 2040 et
1626 1965 2043 2040 abstrusiore
2095 1963 2630 2064 philosophandi
2677 1965 2940 2038 ratione
2969 1963 3104 2036 sibi
3133 1964 3427 2063 aliisque
3459 1966 3830 2064 placentes.
3897 1963 4158 2042 Quodsi

1124 2085 1342 2186 igitur
1416 2086 1811 2185 quaerimus
1836 2145 1855 2174 ,
1929 2084 2229 2183 quanam
2289 2083 2732 2181 potissimum
2780 2083 2998 2157 forma
3057 2083 3487 2182 Scepticismi
3536 2085 3832 2158 Proteus
3885 2108 3960 2157 se
4009 2107 4156 2158 con·

1128 2206 1563 2305 spiciendum
1639 2202 1966 2306 praebeat
2030 2203 2139 2278 his
2202 2203 2456 2278 nostris
2529 2202 2777 2277 diebus
2801 2261 2820 2292 ,
2891 2210 2996 2276 est
3059 2204 3341 2278 omnino
3365 2264 3385 2293 ,
3448 2204 3639 2302 quod
3687 2202 4117 2303 gaudeamus
4138 2260 4155 2290 ,

1120 2326 1501 2402 Auditores
1526 2384 1547 2414 ‚
1622 2325 1801 2399 hanc
1865 2324 2157 2400 formam
2225 2324 2502 2424 pristini
2565 2323 2715 2398 aevi
2773 2323 3022 2398 rationi
3075 2323 3263 2398 haud
3317 2347 3560 2422 parum
3615 2322 3915 2396 subinde
3973 2346 4156 2422 prae·

1128 2454 1329 2521 stare.
1452 2442 1813 2519 Hodierna
1872 2443 2143 2542 Scepsis
2189 2443 2261 2516 in
2310 2467 2563 2543 genere
2615 2469 2658 2518 a
2709 2443 2985 2518 levitate
3040 2451 3112 2517 et
3163 2442 3492 2517 futilitate
3539 2441 3919 2517 abhorrens
3973 2441 4155 2515 indo·

1130 2566 1264 2640 lem
1321 2565 1565 2639 seriam
1586 2623 1605 2653 ‚
1656 2563 1986 2639 moralem
2013 2622 2033 2654 ,
2078 2587 2301 2664 paene
2346 2562 2636 2638 dixerim
2685 2563 3078 2663 religiosam
3129 2569 3643 2638 commonstrat.
3743 2562 3816 2634 N
3817 2585 3908 2635 on
3953 2561 4117 2637 adeo
4137 2619 4154 2649 ‚

1126 2685 1187 2759 si
1232 2683 1807 2784 comparationem
1857 2683 2218 2758 instituere
2268 2684 2428 2759 licet
2449 2742 2470 2774 ,
2524 2683 2898 2783 unicuique
2944 2683 3344 2759 recentioris
3387 2690 3671 2782 poeseos
3715 2681 3942 2757 amico
3971 2681 4155 2755 fami-

1123 2804 1557 2880 liarissimam
1584 2863 1603 2892 ,
1674 2828 1813 2878 non
1868 2802 2041 2878 adeo
2090 2812 2356 2898 cornu
2389 2827 3058 2880 unrnrsrornnnau
3109 2803 3312 2878 nobis
3359 2803 3435 2876 in
3488 2801 3804 2876 animum
3850 2807 4153 2888 revocat,

1122 2925 1246 3024 qui
1314 2923 1635 3023 negando
1706 2924 2099 3024 iterumque
2164 2927 2482 3025 negando
2555 2925 2760 3001 fatale
2835 2923 3187 3025 quoddam
3266 2923 3604 3025 gaudium
3685 2929 3968 3022 gustat,
4047 2921 4159 2997 sed

1119 3044 1350 3143 ipsum
1394 3043 1627 3143 potius
1680 3044 2155 3119 tristissimum
2206 3069 2541 3122 unsrun
2567 3104 2586 3135 ,
2640 3045 2762 3146 qui
2805 3069 2966 3121 cum
3015 3069 3384 3146 campanas
3436 3042 3690 3117 tinnire
3741 3043 4154 3142 angelosque

1122 3171 1397 3239 cantare
1475 3164 1745 3239 audiret
1816 3164 2067 3238 flebilis
2132 3165 2584 3264 querebatur:
2663 3166 2914 3240 aaudio
2987 3166 3270 3239 omnino
3291 3222 3310 3253 ‚
3382 3188 3562 3263 quae
3611 3162 3785 3236 mihi
3830 3162 4112 3237 nuncias
4133 3218 4152 3249 ‚

1127 3284 1350 3359 'laeta
1375 3343 1394 3374 ,
1448 3284 1571 3358 sed
1618 3282 1796 3358 eheu
1816 3342 1833 3372 ‚
1886 3283 2077 3382 quod
2118 3283 2313 3359 deest
2336 3343 2357 3373 ,
2409 3284 2508 3359 nil
2555 3290 2698 3374 est,
2749 3284 2886 3359 nisi
2937 3284 3138 3359 unice
3185 3328 3286 3347 --
3329 3282 3578 3357 fides.”
3643 3268 3826 3355 Sunt
3880 3280 4156 3381 quidem

1122 3404 1521 3479 etiamnunc
1570 3404 1975 3503 superstites
2001 3462 2022 3494 ,
2074 3404 2194 3503 qui
2248 3404 2683 3479 decantatam
2727 3403 3138 3479 cantilenam
3195 3411 3504 3477 veterum
3550 3400 4154 3476 Materialistarum

1119 3533 1191 3599 et
1256 3524 1654 3598 Deistarum
1706 3532 2029 3623 repetunt
2074 3523 2163 3599 ad
2212 3548 2541 3599 nauseam
2598 3548 2861 3623 usque,
2930 3525 3274 3598 Auroram
3325 3522 3586 3597 scilicet
3632 3520 3836 3595 nobis
3879 3519 4155 3620 promit·

1117 3652 1342 3719 tentes
1364 3702 1383 3732 ‚
1456 3670 1495 3718 e
1566 3644 1707 3743 qua
1774 3668 2157 3743 numquam
2228 3644 2329 3717 sol
2393 3643 2670 3719 orietur.
2773 3643 2928 3718 Hos
2961 3651 3199 3718 autem
3255 3642 3313 3717 si
3357 3642 3556 3717 facile
3606 3641 3926 3715 indoctae
3975 3638 4154 3739 plebi

1114 3762 1610 3865 relinquimuS,
1697 3765 1788 3838 ad
1862 3763 2161 3839 melioris
2234 3769 2438 3837 notae
2511 3762 2822 3838 homines
2883 3762 3138 3869 oculos'
3177 3762 3316 3836 iam
3375 3768 3895 3847 convertentes,
3969 3757 4156 3832 nullo

1115 3884 1324 3958 modo
1372 3883 1677 3958 dubitari
1718 3908 1917 3981 posse
1960 3884 2233 3958 videtur
2252 3941 2271 3972 ,
2324 3909 2468 3957 cum
2505 3881 2922 3957 obiectiones
2961 3882 3178 3956 nostri
3220 3882 3372 3956 aevi
3413 3890 3653 3956 contra
3696 3878 4152 3978 Evangelium

1114 4000 1374 4075 Christi
1440 4004 1643 4101 longe
1712 4004 2055 4101 graviores
2105 4016 2315 4102 atque
2372 4001 2708 4075 doctiores
2755 4026 2906 4077 esse
2931 4060 2950 4091 ,
3024 4025 3236 4100 quam
3287 4008 3526 4088 antea;
3581 4008 3718 4075 tum
3771 3998 3964 4074 haud
4009 4021 4156 4071 raro

1114 4120 1388 4194 easdem
1460 4120 1787 4219 coniungi
1860 4147 2018 4199 cum
2093 4120 2393 4222 practica
2469 4120 2768 4220 quadam
2839 4120 3286 4222 religiositate
3309 4177 3330 4209 ,
3405 4120 3546 4219 qua
3612 4119 3696 4193 fit
3759 4124 3841 4191 ut
3901 4115 4154 4191 serium

1112 4235 1326 4311 illud:
1394 4247 1834 4332 μετανοεῖτε
1912 4242 2185 4339 saepius
2248 4239 2459 4315 etiam
2520 4240 2818 4315 audiatis
2881 4240 2970 4317 ab
3023 4239 3390 4338 ipsissimis
3437 4238 3616 4326 illis,
3679 4237 3804 4336 qui
3849 4244 4152 4311 ceterum

1112 4356 1439 4431 miracula
1478 4356 1711 4430 omnia
1764 4358 2081 4434 reiiciunt
2105 4418 2123 4448 ‚
2176 4367 2512 4459 tanquam
2566 4360 2768 4458 plane
2816 4360 3140 4435 absurda.
3229 4358 3381 4431 Nec
3435 4358 3713 4433 mirum.
3788 4356 4155 4430 Nostrates

1108 4474 1509 4574 praesertim
1564 4474 1794 4549 indole
1862 4477 2351 4554 moderatiores
2407 4486 2572 4553 sunt
2591 4538 2610 4568 ,
2661 4479 3174 4579 temperatiores
3197 4536 3217 4564 ,
3269 4484 3340 4551 et
3391 4477 3482 4552 ab
3527 4476 3860 4551 omnibus
3908 4476 4152 4549 Extre-

1108 4594 1240 4669 mis
1284 4595 1384 4669 ita
1432 4592 1694 4683 aversi,
1746 4602 1825 4668 ut
1872 4597 2102 4695 potius
2149 4597 2220 4671 in
2274 4596 2662 4673 dubitando
2713 4599 2923 4673 etiam
2977 4597 3112 4672 sibi
3161 4619 3302 4670 non
3350 4596 3556 4696 plane
3597 4604 3914 4671 constare
3964 4593 4194 4667 vide-'

1104 4719 1349 4801 antur,
1424 4738 1633 4812 quam
1702 4738 1979 4789 omnem
2048 4717 2331 4792 modum
2399 4718 2744 4794 excedere.
2846 4716 3056 4798 Quod
3131 4724 3364 4791 tamen
3437 4742 3573 4792 non
3630 4715 3932 4815 impedit
3981 4736 4154 4811 quo-
