4728 5991
1049 554 1138 623 50
2130 553 2210 621 G.
2281 552 2363 623 G.
2435 554 3014 623 PLUYGERS

1144 758 1410 839 Verum
1472 760 1652 837 hane
1711 786 1949 861 spem,
2013 785 2176 837 cum
2229 760 2679 859 antiquarum
2728 760 3115 839 litterarum
3172 761 3485 839 studium
3540 764 3751 864 paulo
3797 770 3959 843 ante
3988 764 4087 841 ita

1048 880 1526 959 describebam
1543 938 1564 970 ,
1635 888 1722 957 ut
1790 905 2075 959 omnem
2123 879 2212 957 ab
2269 905 2352 955 eo
2408 879 2731 957 utilitatis
2774 879 3168 981 opinionem
3214 905 3633 959 removerem
3653 942 3677 974 ,
3728 908 3961 961 vereor
3999 908 4091 959 ne

1046 1000 1464 1101 praecidisse
1517 1008 1588 1075 et
1633 1000 1782 1100 ipse
1829 999 2160 1077 abiecisse
2209 1000 2407 1076 visus
2455 1001 2609 1077 sim.
2712 1000 2789 1077 Si
2840 1000 3033 1077 enim
3083 999 3213 1077 hoc
3263 1002 3578 1081 studium
3626 1005 3853 1087 nullos
3892 1004 4095 1084 affert

1046 1119 1372 1197 utilitatis
1408 1118 1677 1195 fructus
1723 1118 1865 1195 sive
1917 1118 2008 1194 ad
2055 1118 2385 1193 honorem
2436 1119 2579 1195 sive
2633 1119 2725 1195 ad
2774 1120 3065 1220 gratiam
3120 1121 3262 1197 sive
3312 1123 3401 1197 ad
3450 1132 3821 1223 quaestum
3866 1123 4093 1201 confe-

1045 1239 1339 1329 rendos,
1407 1238 1542 1314 sed
1606 1237 1934 1313 honestae
2005 1244 2280 1313 tantum
2349 1236 2825 1314 delectationis
2892 1239 3094 1315 unice
3166 1240 3257 1315 ad
3324 1241 3546 1320 otium
3603 1243 4101 1327 oblectandum

1044 1358 1596 1437 accommodatos
1617 1416 1640 1448 ‚
1704 1382 1988 1436 omnem
2047 1381 2248 1457 spem
2293 1364 2603 1435 nostram
2649 1358 2723 1431 in
2770 1380 3267 1458 perpaucorum
3323 1361 3669 1441 lautorum
3722 1389 3802 1441 ac
3856 1362 4093 1444 beato·

1042 1503 1202 1554 rum
1290 1478 1655 1553 hominum
1735 1478 2018 1579 otioque
2099 1476 2535 1553 affluentium
2614 1476 2969 1555 voluntate
3035 1478 3434 1557 collocatam
3510 1506 3663 1559 esse
3734 1482 4093 1571 videmus,

1043 1598 1272 1677 otium
1335 1623 1545 1675 suum
1603 1598 2018 1697 plerumque
2075 1597 2150 1671 in
2211 1597 2419 1695 longe
2484 1596 2643 1673 aliis
2688 1621 2899 1695 quam
2948 1595 3331 1675 litterarum
3380 1600 3631 1681 studiis
3678 1624 4089 1677 consumen-

1045 1718 1248 1805 tium.
1345 1718 1440 1791 Et
1501 1717 1563 1792 si
1631 1717 1990 1795 mirificam
2059 1716 2252 1793 illam
2302 1716 2375 1791 in
2431 1713 2949 1791 considerandis
2998 1718 3729 1795 excellentissimorum
3778 1719 4093 1820 ingenio-

1042 1862 1202 1913 rum
1270 1838 1742 1915 monumentis
1811 1836 2223 1913 suavitatem
2289 1860 2495 1911 nemo
2540 1834 2888 1934 percipere
2939 1845 3169 1933 potest
3189 1895 3210 1925 ,
3280 1837 3417 1913 nisi
3464 1838 3588 1937 qui
3630 1846 3791 1916 ante
3833 1838 4087 1913 multo·

1041 1982 1202 2033 rum
1267 1980 1610 2035 annorum
1675 1980 1956 2055 operam
2022 1954 2098 2029 in
2159 1962 2469 2029 veterum
2518 1954 2915 2053 linguarum
2970 1955 3323 2055 totiusque
3372 1958 3807 2057 antiquitatis
3853 1958 4089 2057 cogni-

1041 2077 1304 2152 tionem
1371 2076 1779 2169 contulerit,
1849 2098 2140 2174 ecquem
2210 2083 2356 2149 tam
2426 2073 2613 2149 lenta
2681 2074 3017 2173 patientia
3080 2076 3471 2175 praeditum
3540 2102 3691 2153 esse
3757 2087 4091 2176 putamus

1042 2206 1256 2297 atque
1319 2196 1496 2273 adeo
1555 2195 1848 2273 aliorum
1916 2194 2310 2271 auctoritati
2382 2194 2701 2271 deditum
2720 2251 2743 2283 ‚
2818 2202 2901 2270 ut
2959 2194 3233 2271 futurae
3299 2194 3669 2295 voluptatis
3734 2204 4089 2297 exspect&-

1041 2316 1269 2406 tione,
1335 2340 1516 2415 quae
1585 2314 1810 2415 qualis
1871 2322 1996 2391 aut
2060 2321 2322 2413 quanta
2372 2314 2465 2389 sit
2512 2314 2661 2413 ipse
2712 2338 2801 2389 ne
2846 2314 3175 2413 suspicari
3236 2315 3523 2413 quidem
3572 2326 3841 2415 potest,
3890 2340 4087 2417 prae,-

1042 2444 1312 2513 sentem
1361 2436 1530 2512 velit
1572 2435 1922 2513 exantlare
1965 2434 2593 2534 quotidianumque
2638 2434 2966 2511 laborem.
3068 2435 3145 2511 Si
3197 2434 3496 2535 denique
3544 2436 3721 2511 illud
3770 2437 4087 2516 studium

1037 2556 1306 2633 nullam
1363 2555 1737 2635 utilitatem
1799 2554 2014 2633 habet
2081 2555 2224 2631 aive
2275 2554 2368 2631 ad
2410 2555 2590 2629 vitae
2639 2554 2949 2653 privatae
2994 2555 3559 2633 commoditatem
3602 2556 3745 2631 sive
3785 2556 3877 2639 ad
3920 2556 4089 2643 civi-⁴

1038 2677 1210 2753 tatis
1269 2677 1820 2753 emolumentum
1840 2733 1861 2765 ,
1929 2700 2072 2774 qua
2123 2675 2385 2751 fiducia
2423 2674 2905 2752 adolescentes.
2938 2675 3031 2755 ad
3078 2680 3387 2753 veterum
3436 2674 3833 2777 linguarum
3878 2674 4085 2761 disci-

1033 2796 1300 2897 plinam
1372 2796 1782 2871 vocabimus
1846 2794 2367 2896 ingenuamque
2428 2819 2510 2872 ao
2577 2794 2932 2875 liberalem
2999 2795 3381 2873 iuventutis
3450 2795 3975 2883 institutionem,
4006 2797 4085 2885 in
4208 2840 4219 2847 ·

1036 2941 1125 2995 ea
1188 2914 1560 3016 praecipue
1637 2918 1889 2991 versari
1951 2912 2358 2992 iubebimus
2374 2915 2410 2989 P
2504 2912 2705 2993 Nihil
2750 2914 2933 2995 enim
2984 2922 3133 2995 tam
3176 2922 3283 2991 est
3329 2915 3715 2998 secundum
3762 2925 4083 2997 11an

1036 3061 1252 3138 quam
1317 3036 1604 3114 utilitas.
1659 3060 1880 3136 eaque
1946 3033 2391 3136 potissimum
2460 3035 2806 3115 docuntur
2880 3035 3196 3120 homines
3216 3093 3239 3125 ‚
3314 3036 3422 3114 vel
3488 3037 3723 3136 potius
3784 3038 4083 3124 naturali

1035 3158 1344 3260 quadam
1404 3155 1814 3236 necessitate
1873 3154 2140 3256 alligati
2199 3155 2591 3232 trahuntur.
2710 3157 2962 3256 Itaque
3010 3156 3072 3232 si
3124 3163 3434 3236 veterum
3482 3157 3879 3258 linguarum
3934 3167 4081 3244 stuf-

1035 3277 1238 3354 dium
1295 3277 1490 3354 nulla
1550 3275 1873 3354 utilitatis
1939 3300 2064 3376 spe
2124 3299 2252 3352 sua
2315 3300 2401 3352 ac
2462 3273 2741 3375 propria
2785 3274 3351 3365 commendatur,
3401 3275 3524 3354 sed
3574 3285 3850 3359 tantum
3898 3278 4079 3364 anti,-

1035 3419 1334 3495 quarum
1396 3395 1785 3479 litterarum
1847 3395 2212 3472 suavitatis
2243 3395 2701 3495 perfi‘uendae
2742 3395 3143 3474 facultatem
3192 3395 3629 3496 suppeditat3
3682 3421 3819 3482 non
3870 3398 4082 3484 modo

1033 3515 1416 3594 verendum
1473 3521 1621 3605 est,
1686 3513 1813 3592 sed
1856 3515 2145 3594 omnino
2191 3516 2736 3616 exspectandum
2756 3573 2781 3604 ‚
2830 3523 2911 3592 ut
2960 3539 3125 3592 mox
3166 3515 3258 3591 ab
3308 3517 3635 3598 omnibus
3683 3518 4076 3607 deseratur,

1031 3642 1106 3712 et
1175 3635 1560 3712 litterarum
1625 3635 1936 3710 studium
1956 3693 1979 3725 ,
2047 3636 2237 3736 quod
2305 3634 2573 3734 absque
2630 3633 2749 3709 illa
2808 3633 3093 3709 scientia
3144 3660 3234 3710 ne
3278 3635 3573 3738 intelligi
3622 3638 3907 3738 quidem
3954 3663 4075 3738 po·

1035 3764 1214 3847 test,
1263 3756 1395 3833 coli
1449 3755 1722 3832 desinat
1769 3763 1980 3856 atque
2027 3755 2391 3831 hominum
2440 3753 2765 3855 neglectu
2810 3752 3231 3829 exstinctum
3278 3779 3559 3854 prorsus
3606 3763 3890 3857 pereat..

1125 3876 1390 3954 Verum
1436 3901 1546 3956 res
1595 3876 1794 3960 aliter
1834 3883 2228 3976 comparata
2271 3883 2421 3965 est,
2488 3875 2648 3952 AA.
2716 3872 2959 3950 Habet
3007 3873 3449 3973 antiquarum
3497 3874 3883 3952 litterarum
3926 3883 4072 3952 stu-

1029 3995 1231 4074 dium
1303 3995 1786 4078 firmissimum
1849 3996 2092 4078 salutis
2160 3995 2589 4096 praesidium
2662 3993 2736 4069 in
2820 3999 3129 4070 veterum
3202 3993 3599 4096 linguarum
3672 3993 4075 4096 disciplinae

1028 4122 1370 4217 perpetua
1427 4137 1510 4209 ao
1568 4114 1964 4190 necessaria.
2009 4115 2312 4216 quadam
2378 4115 2677 4191 utilitate
2692 4169 2719 4206 ,
2778 4138 2922 4190 non
2970 4113 3331 4213 repentino
3375 4113 3739 4191 hominum
3790 4114 4073 4198 consilio

1029 4233 1136 4312 ad·
1189 4241 1472 4332 tempus
1543 4229 1858 4330 quaesita
1876 4289 1899 4320 ,
1969 4232 2094 4308 sed
2157 4241 2324 4310 nata
2382 4257 2473 4308 ex
2530 4231 2955 4310 immutabili
3018 4257 3252 4310 rerum
3294 4233 3687 4314 conditione
3730 4243 3941 4334 atque
3982 4258 4075 4318 ex

1025 4352 1197 4454 ipsis
1261 4349 1650 4430 rationibus
1717 4350 1986 4450 quibus
2035 4351 2180 4438 vita
2230 4359 2467 4428 nostra
2508 4352 2919 4430 continetur.
3040 4353 3255 4434 Quod
3297 4353 3691 4432 cuiusmodi
3738 4355 3831 4430 sit
3876 4353 4069 4455 apud

1021 4471 1352 4556 indoctos
1407 4469 1698 4551 fortasse
1762 4477 2084 4560 accurate
2143 4469 2486 4571 explicare
2550 4493 2837 4548 necesse
2896 4481 3115 4565 esset,
3183 4471 3405 4550 Vobis
3467 4499 3627 4554 vero
3689 4475 3935 4575 paucis
3992 4473 4068 4551 in

1019 4597 1330 4674 mentem
1377 4613 1741 4670 revocasse·
1781 4589 2098 4673 sufficiet.

1115 4709 1399 4788 Etenim
1443 4708 1698 4786 artium
1749 4733 1930 4810 quae
1977 4710 2054 4786 in
2099 4733 2334 4787 rerum
2382 4708 2779 4811 cognitione
2834 4717 3195 4788 versantur
3232 4710 3431 4790 aliud·
3464 4711 3809 4790 eiusmodi
3842 4737 4067 4814 genus
