4728 5991
1961 599 2518 675 ORATl-o.
2628 702 2637 711 .
3682 604 3766 672 15

711 803 902 904 quod
971 830 1061 881 ne
1133 804 1244 880 his
1317 804 1604 905 quidem
1628 864 1650 896 ,
1721 803 1980 903 quibus
2041 802 2320 878 fortuna
2390 800 2525 877 fuit
2583 800 2954 879 infaustior
2972 861 2993 893 ,
3064 828 3269 879 omne
3319 802 3760 901 physicarum

707 948 942 1001 rerum
1013 924 1328 1001 studium
1389 924 1838 1001 interdictum
1899 924 2015 1000 sit.
2114 924 2298 998 Sunt
2368 920 2555 997 enim
2622 922 2694 997 in
2756 920 2883 999 hac
2944 922 3307 1023 disciplina
3363 922 3757 1000 innumera·

708 1042 884 1121 biles
959 1045 1400 1145 quaestiones
1417 1104 1438 1135 ,
1507 1045 1600 1121 ad
1660 1070 1836 1146 quas
1903 1043 2263 1121 solvendas
2328 1042 2795 1119 instrumenta
2862 1042 3261 1142 perfectiora
3336 1068 3473 1119 non
3548 1044 3757 1120 modo

704 1185 846 1240 non
895 1164 1278 1255 necessaria
1329 1165 1508 1255 sint,
1559 1164 1688 1241 scd
1735 1165 1844 1241 vel
1893 1164 2099 1243 noxia
2149 1188 2298 1239 esse
2351 1162 2733 1239 videantur.
2832 1163 3099 1252 Noxia,
3148 1163 3475 1261 inquam;
3528 1164 3755 1263 neque

675 1282 892 1381 ‘enim
946 1282 1310 1385 physicae,
1359 1284 1954 1385 quemadmodum
1999 1292 2436 1359 astronomus
2460 1341 2481 1373 ,
2520 1306 2731 1357 unam
2774 1284 2987 1359 solam
3033 1283 3241 1359 habet
3290 1282 3427 1357 vim
3466 1295 3753 1359 naturae

698 1404 1330 1505 contemplandam.
1431 1408 1638 1483 Quae
1700 1404 1888 1480 enim
1947 1404 2037 1479 ab
2099 1404 2218 1478 illo
2279 1403 2725 1501 explorantur
2770 1428 3013 1503 saepe,
3082 1404 3190 1478 vel
3238 1404 3473 1503 potius
3524 1403 3751 1481 dicam

699 1546 1014 1621 semper,
1080 1524 1423 1624 pluribus
1467 1524 1680 1599 simul
1745 1523 2058 1599 subiecta
2121 1532 2287 1597 sunt
2339 1530 2627 1597 naturae
2677 1521 2959 1599 viribus.
3061 1524 3262 1602 Quae
3314 1523 3379 1597 si
3430 1523 3749 1623 cognitae

699 1650 906 1730 sunt,
959 1666 1200 1719 earum
1245 1644 1424 1719 ratio
1471 1642 1709 1719 haberi
1753 1652 2030 1743 potest;
2099 1642 2158 1717 si
2205 1651 2447 1718 autem
2498 1642 2944 1743 ignorantur,
2995 1641 3233 1717 haberi
3278 1666 3417 1721 non
3471 1644 3745 1741 poterit.

701 1760 780 1837 Si
852 1785 1094 1839 omncs
1154 1764 1312 1839 illae
1377 1764 1556 1839 vires
1625 1789 1846 1863 aeque
1907 1764 2204 1863 pollent,
2273 1763 2603 1863 physicus
2652 1770 2938 1862 cogetur
2991 1761 3079 1837 dc
3130 1761 3455 1838 solvenda
3500 1786 3745 1861 quaes·

698 1880 887 1957 tione
955 1881 1286 1957 desistere
1351 1884 1701 1984 aliamque
1752 1884 2152 1959 faustiorem
2203 1892 2689 1983 tempestatem
2742 1890 3157 1981 exspectare.
3218 1882 3480 1958 Melius
3535 1881 3750 1982 igitur

691 2016 820 2082 res·
873 2026 1024 2077 sese
1092 2002 1418 2091 habebit,
1489 2003 1548 2077 si
1623 2027 1764 2079 una
1836 2028 1998 2103 prae
2060 2004 2344 2103 reliquis
2408 2011 2699 2078 naturae
2772 2002 2872 2077 vis
2930 2002 3189 2102 primas
3252 2011 3417 2103 agat
3474 2011 3744 2103 partes,

691 2120 936 2197 saltem
1009 2120 1068 2195 si
1143 2121 1689 2197 instrumentum
1763 2122 1948 2198 adsit
2001 2148 2142 2221 quo
2199 2123 2350 2197 eius
2411 2122 2734 2197 effectum
2792 2122 2995 2197 liceat
3043 2122 3291 2197 metiri.
3410 2126 3743 2201 Attamen

691 2238 762 2317 in
823 2240 1172 2341 plerisque
1236 2242 1763 2341 quaestionibus
1819 2242 2026 2317 etiam
2091 2243 2398 2341 reliquae
2450 2242 2627 2316 vires
2678 2241 2997 2317 effectum
3050 2242 3468 2317 exercebunt
3512 2244 3583 2317 in
3636 2244 3743 2319 in-

689 2367 1162 2437 strumentum
1185 2418 1206 2449 ,
1279 2360 1404 2459 qui
1479 2361 1736 2437 scilicet
1799 2368 1996 2437 tanto
2047 2362 2268 2437 maior
2325 2361 2455 2437 erit
2473 2419 2495 2449 ‚
2568 2385 2707 2460 quo
2760 2360 3001 2435 maiori
3056 2361 3439 2436 subtilitate
3483 2363 3739 2439 instru-

691 2488 1010 2555 mentum
1060 2488 1168 2554 est
1217 2479 1654 2557 fabricatum.
1735 2479 2002 2557 Crescit
2041 2489 2278 2557 autem
2325 2482 2591 2555 interea
2636 2479 3003 2555 difficultas
3053 2480 3525 2571 discernendi,
3567 2485 3743 2582 quid

687 2598 780 2677 sit
841 2598 1248 2698 primarium
1267 2656 1284 2676 .
1352 2602 1526 2700 quid
1585 2601 2085 2691 accessorium}
2151 2624 2332 2700 quae
2392 2600 2763 2677 difficultas
2812 2608 2894 2675 ut
2940 2608 3283 2699 quantum
3324 2602 3475 2676 fieri
3516 2604 3737 2702 possit

685 2717 1008 2806 tollatur,
1057 2718 1186 2795 boc
1232 2718 1466 2821 ipsum
1515 2728 1622 2797 est
1667 2721 1760 2797 ad
1810 2722 1998 2822 quod
2045 2722 2329 2797 tendere
2376 2721 2817 2821 physicorum
2866 2725 2995 2796 est.

779 2836 1064 2915 Praeter
1130 2838 1306 2915 hanc
1367 2850 1603 2917 autem
1646 2866 1860 2942 quam
1911 2842 2058 2918 dixi
2107 2866 2385 2917 causam
2412 2901 2433 2932 ,
2484 2841 2678 2918 aliud
2720 2841 2928 2917 etiam
2980 2847 3126 2931 est,
3180 2840 3373 2941 quod
3416 2841 3492 2916 in
3532 2866 3737 2943 expe·

691 2955 1006 3034 rimantis
1077 2956 1382 3058 physicis
1447 2984 1726 3038 monere
1796 2962 2112 3054 videtur,
2162 2988 2252 3038 ne
2301 2961 2703 3063 perfectiora
2754 2985 2966 3062 quam
3017 2968 3265 3036 natura
3310 2962 3737 3062 experimen·

679 3083 908 3154 torum
959 3079 1300 3178 requirat,
1356 3081 1817 3157 adhibeantur
1851 3082 2334 3158 instrumenta.
2413 3085 2579 3162 Quo
2630 3081 2817 3156 enim
2864 3079 3268 3180 perfectiora
3314 3081 3483 3158 haec
3536 3092 3741 3176 sunt,-

681 3221 764 3274 co
831 3197 992 3296 plus
1065 3198 1398 3298 temporis
1468 3200 1834 3300 requirunt
1901 3200 2375 3300 experimenta
2438 3201 2593 3300 ipsa
2654 3207 2725 3275 et
2786 3197 3207 3276 necessariae
3260 3201 3734 3281 correctiones.

605 3304 612 3312 ’
676 3316 1007 3394 Percurre
1025 3375 1046 3406 ,
1097 3342 1358 3418 quaeso
1381 3377 1402 3408 ‚
1453 3319 1966 3421 disputationes
2007 3345 2048 3396 a
2083 3344 2350 3396 rounno
2396 3319 2619 3396 editas
2640 3377 2661 3408 ,
2698 3319 2769 3394 in
2814 3318 3073 3418 quibus
3110 3319 3429 3420 probavit
3460 3322 3687 3422 legem
3708 3381 3729 3412 ,

683 3459 862 3534 quae
934 3436 1238 3514 declarat
1309 3439 1444 3514 vim
1515 3463 1653 3515 non
1722 3465 1924 3541 posse
1987 3439 2340 3516 consumi:
2410 3463 2549 3514 non
2612 3437 2901 3527 dubito,
2948 3439 3121 3538 quin
3169 3438 3284 3514 hic
3334 3439 3473 3516 illic
3522 3441 3729 3518 mira-

677 3563 878 3632 turus
941 3557 1077 3645 sis,
1149 3558 1342 3656 quod
1409 3560 1698 3659 scriptor
1757 3560 2168 3636 methodum
2233 3568 2515 3635 secutus
2562 3559 2654 3634 sit
2701 3558 2887 3634 iusto
2936 3557 3507 3659 imperfectiorem
3529 3620 3550 3651 ‚
3600 3587 3727 3638 nec

675 3697 920 3752 omnes
967 3676 1258 3752 omnino
1309 3677 1708 3754 adhibuerit
1759 3680 2064 3756 cautelas
2082 3738 2104 3768 ‚
2175 3703 2356 3778 quae
2407 3680 2641 3778 ipsum
2696 3678 2789 3753 ad
2842 3678 3123 3754 meliora
3180 3679 3554 3778 perducere
3604 3706 3723 3780 po-

673 3795 991 3872 tuissent.
1093 3795 1372 3876 Quodsi
1441 3805 1674 3874 tamen
1743 3799 2141 3875 meminisse
2213 3797 2377 3874 velis
2440 3799 2565 3874 has
2634 3797 3134 3897 explorationes
3192 3822 3319 3898 per
3384 3823 3457 3873 se
3516 3800 3721 3875 certis

671 3914 1006 3994 obnoxias
1075 3942 1226 3994 esse
1286 3917 1632 3995 erroribus
1652 3976 1674 4010 ,
1733 3943 1896 3995 mox
1945 3916 2271 3993 fateberis
2289 3976 2310 4008 ,
2359 3917 2435 3993 ni
2484 3917 2681 3996 fallor
2702 3975 2723 4006 ‚
2773 3915 2963 3993 haud
3010 3917 3357 3992 immerito
3402 3918 3719 4018 neglecta

673 4057 822 4114 esse
893 4035 1298 4136 perfectiora
1345 4037 1808 4116 instrumenta
1825 4097 1846 4128 ,
1897 4045 2076 4138 quae
2127 4038 2352 4113 multo
2394 4037 2555 4136 plus
2590 4036 3111 4138 requisivissent
3153 4046 3225 4112 et
3267 4039 3594 4137 temporis
3643 4047 3715 4116 et

669 4151 924 4232 laboris
993 4155 1209 4254 idqw
1275 4157 1540 4256 absque
1605 4156 2042 4234 memorabili
2107 4157 2364 4232 fructu.
2466 4155 2627 4232 Nisi
2688 4166 2923 4234 autem
2992 4182 3165 4234 usus
3217 4169 3401 4234 esset
3454 4158 3709 4234 instru-

669 4273 926 4348 mentis
946 4331 967 4363 ,
1017 4300 1198 4374 quae
1241 4276 1492 4352 rationi
1535 4277 1763 4377 operis
1810 4276 2114 4376 suscepti
2157 4263 2583 4366 sufficerent,
2633 4304 3020 4378 numquam
3067 4287 3479 4356 consecutus
3526 4287 3709 4355 esset

669 4415 980 4472 ronnas
998 4453 1020 4484 ,
1085 4404 1167 4472 ut
1231 4419 1486 4473 nomen
1547 4421 1758 4474 suum
1809 4397 1992 4474 inter
2039 4396 2385 4498 principes
2434 4405 2709 4474 nostrae
2754 4398 2999 4474 aetatis
3048 4398 3509 4498 exploratores
3558 4399 3705 4473 vin·

669 4511 948 4592 dicaret.

690 4719 698 4725 ,
765 4631 1182 4732 Saepissime
1253 4661 1371 4712 vos
1437 4635 1784 4712 audivisse
1851 4637 2095 4736 opinor
2117 4695 2138 4726 ‚
2213 4636 2589 4712 Auditores
2609 4695 2629 4725 ,
2703 4635 2826 4734 qui
2886 4634 3233 4723 dicerent,
3307 4634 3481 4709 nihil
3549 4657 3701 4710 esse

666 4749 1043 4842 infelicius,
1117 4777 1324 4852 quam
1401 4755 1624 4830 vivere
1687 4779 1828 4854 quo
1895 4765 2204 4857 tempore
2270 4754 2445 4830 nihil
2505 4762 2771 4830 certum
2838 4761 2911 4829 et
2980 4752 3225 4829 stabile
3272 4754 3383 4828 sit.
3484 4753 3699 4832 Quod
