4728 5991
1122 559 1254 644 sis
2128 575 2178 644 1.
2243 575 2294 641 1.
2362 595 2512 638 vn
2573 571 3166 640 oosranznn

1223 763 1322 855 11.
1402 781 1627 858 Nobis
1694 807 1853 859 vero
1878 840 1898 872 ,
1970 781 2096 882 qui
2166 779 2550 880 expositam
2613 803 2848 856 rerum
2919 777 3384 854 conditionem
3456 780 3571 855 hic
3625 805 3854 881 neque
3907 783 4126 862 ridere
4147 845 4168 874 ,

1121 923 1349 999 neque
1416 901 1655 1001 lugere
1675 960 1696 992 ,
1756 911 1831 978 at
1879 903 2115 1001 potius
2161 903 2546 1002 intelliqere
2595 900 2916 976 volumus
2939 958 2960 989 ,
3011 908 3258 998 sponte
3303 923 3452 974 sese
3497 900 3636 975 iam
3681 901 3818 976 alia
3861 905 4166 1002 quaestio

1121 1018 1341 1096 offert.
1444 1021 1815 1098 Undenam
1886 1022 2231 1121 descripta
2296 1029 2509 1120 atque
2557 1027 2702 1096 tam
2751 1019 2890 1094 late
2944 1043 3179 1118 sparsa
3231 1017 3584 1118 cogitandi
3625 1019 3802 1095 ratio
3846 1025 4166 1123 ori-qim

1116 1141 1408 1238 repetit,
1482 1141 1881 1241 quibusque
1938 1142 2165 1218 causis
2228 1141 2370 1216 iam
2441 1165 2525 1216 eo
2584 1139 3064 1241 pervenimus,
3133 1147 3214 1212 ut
3272 1138 3462 1214 haud
3507 1139 3748 1239 paucis
3771 1199 3792 1230 ,
3843 1141 3932 1216 de
3980 1144 4168 1220 omni

1117 1258 1403 1334 veritate
1476 1287 1545 1360 q.
1613 1263 1684 1337 d.
1756 1263 2095 1338 obiectiva‘
2150 1261 2354 1361 plane
2427 1260 2956 1360 desperantibus
2979 1319 3000 1348 ,
3073 1258 3420 1334 Socratica
3478 1259 3825 1334 confessio
3842 1319 3864 1348 ,
3935 1286 4010 1336 se
4068 1261 4166 1336 nil

1118 1377 1504 1477 quidquam
1574 1381 1792 1469 scire,
1864 1403 2005 1453 non
2072 1388 2347 1454 tantum
2401 1403 2676 1454 summa
2724 1378 3038 1453 videatur
3085 1378 3426 1477 sapientia
3451 1436 3472 1467 ,
3535 1378 3658 1453 sed
3705 1379 3917 1454 etiam
3967 1380 4166 1456 unica

1120 1498 1459 1575 scientia?
1552 1500 1671 1574 Ad
1736 1525 1947 1599 quam
2019 1500 2500 1598 quaestionem
2553 1498 2726 1596 quid
2781 1496 3365 1597 respondeamus,
3435 1522 3574 1572 non
3629 1497 3806 1572 adeo
3859 1499 3998 1574 alte
4049 1523 4160 1598 pe-

1120 1618 1431 1696 tendum.
1538 1620 1701 1694 Non
1770 1620 2205 1694 mediocriter
2274 1643 2498 1694 errare
2563 1617 2737 1692 mihi
2791 1618 3113 1694 videntur
3135 1669 3154 1706 ,
3205 1617 3328 1716 qui
3383 1624 3746 1706 statuunt,
3799 1616 4159 1715 Scepticis-

1115 1763 1313 1812 mum
1361 1763 1447 1815 ex
1491 1738 1711 1838 ipsius
1763 1737 2320 1813 Protestantismi
2360 1736 2718 1836 principiis
2761 1735 2922 1811 oriri
2971 1738 3314 1826 debuisse,
3380 1737 3640 1836 quippe
3689 1759 3869 1834 quae
3923 1736 4158 1812 unius-

1117 1856 1458 1954 cuiusque
1526 1854 1886 1930 Individui
1953 1855 2204 1930 rationi
2265 1853 2658 1929 libertatem
2731 1863 2874 1929 tam
2923 1854 3340 1930 illimitatam
3395 1855 3821 1942 concedant,
3873 1862 3956 1928 ut
4003 1881 4158 1930 mox

1114 1999 1391 2051 omnem
1456 1974 1960 2050 Auctoritatem
2029 1974 2289 2049 reiiciat
2311 2032 2331 2063 ,
2408 1973 2810 2073 neminique
2877 1975 3178 2073 amplius
3247 1975 3484 2050 credat
3505 2033 3526 2063 ,
3595 1999 3807 2073 quam
3885 1974 4158 2050 sibimet

1117 2095 1276 2194 ipsi.
1374 2096 1485 2169 Ex
1534 2093 1663 2169 hac
1711 2094 1931 2193 igitur
1982 2095 2326 2169 sententia
2348 2154 2370 2184 ,
2420 2120 2463 2169 a
2513 2094 2755 2170 multis
2804 2095 3173 2193 Theologis
3227 2093 3956 2169 Romano-Catholicis
4009 2118 4157 2192 pro·

1116 2214 1345 2314 posita
1365 2274 1385 2305 ,
1456 2215 1573 2289 ille
1633 2215 1940 2313 optimus
2010 2215 2570 2289 Protestantismi
2641 2214 2900 2290 assecla
2966 2214 3143 2289 foret
3211 2221 3422 2312 atque
3467 2213 3602 2289 sibi
3645 2214 3948 2288 maxime
4001 2237 4155 2288 con-

1117 2345 1352 2423 stans,
1422 2335 1549 2433 qui
1618 2334 1991 2410 dubitandi
2062 2334 2294 2410 studio
2348 2359 2710 2434 nunquam
2787 2359 2923 2409 non
2995 2332 3220 2433 magis
3270 2333 3684 2434 indulgens,
3739 2333 4026 2408 tandem
4069 2333 4156 2408 ad

1112 2480 1368 2555 purum
1416 2454 1873 2530 Nihilismum
1934 2455 2338 2555 perveniret.
2441 2456 2704 2532 Bauno
2751 2479 3086 2531 munaus
3133 2456 3308 2530 adeo
3330 2513 3351 2545 ,
3391 2463 3484 2530 -ut
3529 2455 3619 2530 de
3663 2453 4154 2530 recentioribus

1115 2585 1376 2652 taceam
1405 2633 1426 2665 ,
1474 2574 1855 2675 probabilis
1896 2575 2072 2650 foret
2118 2574 2676 2650 Protestantismi
2730 2574 2980 2650 vindex
3025 2574 3390 2650 habendus
3412 2633 3433 2664 ,
3481 2575 3648 2675 quia
3683 2583 3900 2650 totam
3935 2575 4160 2649 Euan-

1111 2697 1276 2796 gelii
1343 2694 1699 2770 historiam
1763 2704 2093 2794 tanquam
2154 2719 2424 2770 merum
2479 2705 2952 2771 commentum
3006 2694 3288 2784 irridet;
3361 2695 3584 2770 multo
3645 2695 3886 2770 melior
3937 2702 4162 2770 tamen

1111 2839 1525 2892 nunovmus
1596 2807 2153 2892 rauaaa'acmus
2220 2816 2392 2906 erit,
2466 2815 2590 2916 qui
2635 2840 2912 2890 omnem
2962 2816 3366 2915 religionem
3415 2814 3717 2890 hominis
3763 2814 4162 2890 alucinatio·

1112 2961 1275 3012 nem
1329 2935 1718 3026 existimat,
1786 2935 2017 3011 nescio
2065 2960 2372 3035 quanam
2419 2935 2754 3011 fatalitate
2803 2946 3137 3036 tanquam
3187 2938 3581 3013 obiectivum
3631 2935 3806 3037 quid
3853 2935 4160 3011 conside-

1111 3056 1331 3131 rantis
1354 3113 1375 3145 ,
1442 3056 1633 3153 quod
1700 3055 1800 3129 nil
1860 3066 1967 3131 est
2034 3056 2173 3130 nisi
2220 3057 2650 3132 subiectivum
2705 3056 3136 3155 phantasma.
3239 3056 3381 3131 Sed
3433 3056 3590 3156 quis
3642 3065 3786 3130 tam
3835 3056 4122 3155 ignarus
4143 3114 4162 3145 ,

1114 3176 1237 3275 qui
1278 3174 1575 3264 nesciat,
1619 3176 2007 3275 genuinum
2054 3176 2710 3251 Protestantismum
2757 3177 3040 3251 omnino
3082 3175 3473 3251 libertatem
3517 3174 3910 3275 religiosam
3947 3175 4158 3261 tueri.

1110 3292 1275 3368 filiis
1338 3305 1577 3369 autem
1650 3294 1793 3369 suis
1848 3318 2121 3394 semper
2174 3293 2645 3369 obedientiam
2697 3294 2864 3369 fidei
2914 3295 3294 3371 inculcasse
3318 3354 3339 3386 ,
3389 3296 3646 3371 Divino
3691 3294 3926 3369 Verbo
3970 3319 4158 3394 prae-

1115 3412 1435 3487 standam
1455 3471 1476 3502 ,
1541 3413 1743 3488 cuius
1804 3413 2195 3489 absolutam
2252 3414 2732 3490 auctoritatem
2791 3414 3112 3490 lubenter
3161 3415 3482 3517 agnovit,
3533 3415 3882 3490 Ecclesiae
3929 3420 4162 3489 aucto·

1112 3533 1317 3609 ritate
1365 3532 1617 3608 reiecta
1664 3534 1784 3625 ¹)?
1862 3534 2160 3609 Minime
2216 3559 2381 3634 ergo
2433 3559 2472 3609 e
2523 3534 3079 3610 Protestantismi
3127 3538 3352 3611 indole
3375 3594 3395 3625 ,
3447 3536 3571 3611 sed
3611 3542 3860 3611 contra
3909 3560 3950 3609 ε
3996 3536 4160 3609 Pro·

1112 3652 1534 3728 testantismi
1598 3656 2080 3753 depravatione
2150 3653 2634 3754 theologorum
2705 3655 3197 3755 Scepticismus
3273 3655 3450 3731 mihi
3523 3664 3717 3729 ortus
3791 3655 4166 3753 cultusque

1113 3773 1387 3847 videtur
1408 3830 1428 3862 ,
1499 3773 1589 3849 ad
1661 3774 1950 3874 eiusque
2015 3772 2355 3875 originem
2427 3773 2908 3873 explicandam
2962 3799 3100 3849 non
3155 3774 3388 3849 minus
3433 3774 3506 3847 in
3551 3798 3839 3849 censum
3891 3774 4168 3847 viniunt

1094 3894 1610 3991 psyckoloqicae
1678 3916 1929 3968 causae
1947 3952 1968 3982 ‚
2044 3918 2258 3991 quam
2332 3893 2669 3968 strictiore
2735 3918 2947 3969 sensu
3009 3896 3392 3969 historicae.
3489 3892 3608 3967 Ad
3659 3892 3920 3993 priores
3973 3890 4168 3992 quod

1112 4012 1400 4101 attinet,
1452 4036 1657 4087 nemo
1710 4021 1817 4087 est
1868 4012 2036 4113 quin
2086 4012 2500 4113 perspiciat,
2542 4015 2729 4111 fidei
2747 4071 2768 4103 ,
2841 4038 3020 4112 quae
3067 4020 3139 4088 in
3189 4038 3262 4089 re
3309 4011 3628 4112 religiosa
3678 4038 3721 4087 a
3764 4011 3969 4086 nobis
4019 4010 4166 4087 exi-

1114 4130 1305 4229 gitur
1326 4187 1347 4218 ,
1394 4130 1796 4206 huiusmodi
1842 4133 2151 4207 indolem
2202 4158 2353 4207 esse
2377 4192 2398 4222 ‚
2451 4141 2532 4206 ut
2579 4133 2863 4207 omnino
2909 4132 3000 4208 ad
3043 4133 3559 4233 persuasionem
3606 4132 3923 4207 moralem
3969 4158 4043 4231 q.
4093 4131 4164 4206 d.

1116 4250 1207 4324 de
1246 4249 1455 4324 rebus
1496 4250 1769 4325 Divinis
1808 4252 2163 4351 pervenire
2211 4252 2561 4351 possimus
2585 4311 2606 4342 ,
2659 4276 3044 4352 numquam
3093 4278 3248 4327 vero
3289 4252 3380 4327 ad
3429 4252 3967 4327 mathematicam
4021 4249 4166 4324 evi·

1118 4370 1425 4445 dentiam
1493 4370 1705 4445 talem
1728 4427 1749 4459 ,
1820 4371 2096 4469 qualem
2154 4371 2343 4446 haud
2391 4372 2644 4446 iniuria
2691 4372 2966 4471 assequi
3013 4371 3380 4447 studemus
3431 4372 3502 4446 in
3561 4396 3674 4459 re,
3727 4369 3860 4443 sub
3915 4392 4170 4443 sensus

1120 4490 1430 4566 cadente.
1530 4489 1783 4565 Nonne
1826 4489 1991 4564 fidei
2032 4489 2384 4566 obiectum
2431 4490 2786 4590 spirituale
2833 4499 3043 4590 atque
3087 4491 3430 4566 invisibile
3473 4501 3579 4566 est
3599 4548 3620 4579 ,
3669 4488 3880 4564 homo
3923 4496 4168 4564 autem

1198 4751 1251 4827 ¹)
1290 4751 1382 4813 Cf.
1422 4766 1769 4825 ansanum,
1810 4750 1899 4812 ἀεὶ
1942 4752 2119 4812 Gom.
2166 4751 2380 4829 Offenb.
2422 4752 2596 4814 Basil.
2647 4756 2818 4815 1861.
2859 4772 2916 4835 p.
2960 4756 3095 4813 165.
