4728 5991
1948 583 2508 654 onArro.
3173 533 3179 539 ’
3683 590 3766 658 n

709 794 990 870 futurus
1049 801 1198 869 erat
1259 792 1410 867 aevi
1475 790 1586 867 sui
1649 791 1999 891 physicus.
2101 793 2565 869 Deflectiones
2633 794 2817 869 enim
2870 796 3028 871 illae
3047 855 3068 886 ‚
3126 798 3575 897 quantumvis
3616 798 3781 885 exi·,

707 938 925 1014 guse,
1000 913 1100 989 ita
1175 934 1457 988 omnem
1517 911 1830 987 animum
1899 910 2099 1011 quasi
2163 919 2539 989 tenuerunt
2602 925 3017 1015 occupatum
3038 976 3059 1007 ,
3127 926 3211 993 ut
3268 942 3431 993 mox
3480 942 3759 1018 persen-

707 1032 986 1107 tisceret
1037 1054 1110 1107 se
1157 1031 1250 1105 ad
1297 1030 1692 1131 ingressum
1743 1029 2132 1129 pervenisse
2175 1030 2325 1105 viae
2345 1088 2367 1119 ‚
2416 1055 2597 1130 quae
2635 1033 2729 1108 ad
2770 1035 3123 1136 regionem
3168 1037 3451 1113 duceret
3494 1038 3761 1114 nemini

707 1152 936 1227 adhuc
1005 1151 1378 1253 cognitam.
1480 1151 1575 1225 Ει
1637 1173 1872 1224 revera
1935 1149 2039 1225 ita
2087 1159 2256 1225 erat.
2329 1152 2501 1225 Post
2544 1152 2976 1252 aliquantum
3030 1157 3359 1255 temporis
3406 1157 3481 1233 in
3528 1157 3757 1235 lucem

703 1270 963 1373 prodiit
1038 1270 1422 1373 disputatio
1491 1268 1612 1345 illa
1685 1269 1984 1345 maxime
2056 1271 2525 1346 memorabilis
2543 1329 2565 1359 ‚
2636 1272 2710 1347 in
2782 1299 2925 1372 qua
2994 1275 3357 1353 inventum
3430 1276 3755 1354 fluxuum

703 1391 1144 1466 inductorum
1163 1450 1184 1481 ‚
1226 1399 1307 1466 ut
1345 1391 1714 1478 dicuntur,
1747 1412 1914 1463 cum
1958 1388 2230 1464 erudito
2269 1389 2439 1466 orbe
2482 1394 3071 1470 communicatum
3112 1404 3257 1484 est,
3305 1398 3499 1495 quod
3530 1420 3755 1473 unum

704 1509 1065 1586 inventum
1139 1517 1417 1585 tantum
1489 1532 1642 1585 esse
1716 1517 2038 1583 censetur
2056 1566 2078 1597 ,
2151 1519 2234 1585 ut
2295 1510 2758 1611 peritissimus
2828 1515 3105 1615 Anglus
3124 1572 3145 1603 ‚
3226 1514 3500 1590 etiamsi
3576 1514 3753 1591 nihil

705 1630 896 1705 aliud
938 1629 1395 1730 praestitisset
1411 1688 1433 1719 ‚
1481 1652 1734 1704 nomen
1779 1652 1988 1705 suum
2043 1629 2134 1704 ad
2191 1654 2413 1705 seram
2457 1632 2929 1731 posteritatem
2982 1634 3445 1733 perducturus
3481 1635 3748 1713 fuisset.

849 1750 939 1825 In
1001 1750 1265 1826 caussis
1329 1772 1532 1849 porro
1553 1808 1574 1838 ‚
1645 1772 1826 1848 quae
1883 1748 2298 1837 effecerunt,
2349 1756 2469 1839 ut,
2518 1760 2757 1827 nostra
2813 1762 3039 1829 aetate
3056 1812 3077 1843 ‚
3127 1761 3273 1829 tam
3322 1755 3547 1831 multa
3588 1762 3753 1831 ante

701 1869 1054 1969 incognita
1121 1868 1487 1969 protulerit
1555 1868 1997 1969 physicarum
2063 1894 2291 1944 rerum
2355 1870 2666 1946 studium
2692 1930 2713 1961 ‚
2784 1896 2923 1949 non
2992 1874 3313 1950 ultimam
3366 1874 3543 1951 hanc
3597 1898 3751 1951 esse

701 2012 948 2064 censeo
965 2046 986 2078 ,
1043 1989 1234 2087 quod
1279 1987 1515 2087 plures
1580 2012 1792 2087 quam
1859 1988 2025 2062 olim
2077 1997 2280 2079 sunt,
2331 1989 2455 2087 qui
2475 2048 2495 2079 ,
2546 1992 2853 2067 veritatis
2896 1993 3499 2093 investigationem
3543 1995 3748 2095 longe

698 2119 1201 2211 praeponentes
1265 2109 1542 2211 proprio
1603 2107 1966 2184 commodo
1987 2166 2008 2197 ‚
2075 2132 2214 2185 non
2283 2110 2611 2185 dubitent
2658 2110 2747 2186 ab
2793 2113 2878 2186 iis
2922 2113 3286 2188 dissentire
3305 2171 3326 2202 ‚
3382 2114 3507 2213 qui
3556 2113 3746 2214 apud

705 2232 958 2330 vulgus
1021 2230 1365 2330 principes
1431 2230 1756 2305 scientiae
1811 2228 2156 2303 antistites
2207 2227 2574 2307 habentur.
2643 2230 2987 2307 Novimus
3032 2231 3221 2307 enim
3265 2275 3365 2290 —
3407 2257 3537 2309 nec
3582 2256 3767 2309 sane-

703 2350 852 2427 sine
915 2350 1149 2426 dolore
1215 2349 1538 2425 novimus
1605 2392 1705 2407 -
1755 2349 1926 2423 istos
1966 2348 2281 2423 homines
2301 2408 2322 2437 ,
2386 2350 2515 2448 qui
2570 2349 2673 2424 ita
2725 2350 2949 2425 solent
3008 2350 3315 2427 iudicare
3365 2376 3505 2427 non
3548 2354 3747 2453 peius

701 2469 972 2545 facinus
1022 2494 1224 2570 posse
1267 2468 1612 2544 committi
1656 2493 1871 2567 quam
1924 2470 1984 2543 si
2027 2468 2187 2567 quis
2205 2527 2226 2558 ,
2283 2492 2426 2544 non
2474 2470 2699 2544 dicam
2741 2469 3041 2545 refutare
3084 2496 3201 2547 eos
3242 2480 3531 2549 conetur
3549 2533 3571 2564 ‚
3626 2472 3751 2549 sed

695 2614 937 2667 eorum
981 2590 1344 2692 opiniones
1413 2588 1611 2690 sequi
1673 2588 1870 2665 nolit.
1969 2589 2096 2665 Me
2144 2588 2431 2689 quidem
2486 2590 2765 2665 miseret
2808 2588 3079 2689 physici
3097 2647 3118 2679 ,
3172 2591 3297 2689 qui
3350 2601 3577 2668 certae
3624 2592 3748 2670 ad-

701 2710 932 2786 dictus
1014 2710 1107 2787 sit
1179 2716 1426 2785 sectae.
1553 2708 1743 2784 Nam
1815 2706 1877 2783 si
1945 2705 2020 2781 in
2091 2730 2175 2781 ea
2241 2707 2371 2807 qui
2434 2706 2834 2783 dominatur
2908 2707 3245 2807 magister
3308 2709 3599 2802 efficiet,
3668 2719 3753 2789 ut

696 2828 1042 2930 quidquid
1108 2828 1388 2905 honoris
1453 2834 1526 2905 et
1593 2826 1857 2929 gratiae
1917 2833 1990 2902 et
2054 2825 2403 2903 commodi
2460 2825 2723 2927 percipi
2787 2825 2983 2918 lieet,
3072 2826 3353 2904 abunde
3420 2829 3513 2905 ad
3582 2854 3749 2909 eum

696 2948 993 3041 defluat3
1066 2956 1141 3027 at
1199 2972 1454 3027 nomen
1523 2948 1674 3024 eius
1735 2954 1821 3024 ut
1882 2952 2010 3023 sut
2072 2952 2269 3023 extra
2317 2945 2615 3048 patriam
2663 2950 2789 3022 aut
2828 2945 2923 3023 ad
2968 2953 3303 3048 nepotum
3344 2949 3768 3030 memoriam-

696 3077 1154 3171 propsgetur,
1225 3093 1364 3146 non
1425 3069 1692 3145 efficiet.
1795 3066 2010 3148 Quod
2076 3091 2242 3144 sane
2291 3092 2434 3143 non
2486 3066 2745 3142 mirum
2788 3065 3109 3143 videatur
3122 3097 3144 3159 ς
3196 3066 3259 3144 si
3306 3067 3493 3144 enim
3542 3069 3749 3171 quid-

697 3190 868 3290 quid
929 3190 1232 3268 maxime
1303 3196 1490 3266 esset
1543 3187 1990 3266 memorabile
2035 3186 2110 3263 in
2163 3211 2248 3264 ea
2291 3195 2491 3288 parte
2507 3246 2529 3280 ,
2596 3211 2812 3288 quam
2858 3187 3194 3288 magister
3246 3211 3415 3289 prae
3460 3187 3749 3290 reliquis

703 3309 1038 3386 dilexerat
1053 3369 1074 3400 ,
1157 3309 1221 3385 is
1293 3308 1450 3410 ipse
1513 3309 1698 3384 facili
1758 3307 2038 3409 negotio
2105 3307 2460 3408 occuparit
2475 3366 2496 3398 ,
2563 3307 2738 3408 quid
2796 3307 3229 3408 relinquetur
3272 3308 3387 3398 'iis
3402 3367 3425 3401 ,
3488 3308 3749 3410 quibus

695 3429 926 3506 sohola
1001 3431 1132 3505 erit
1197 3429 1668 3505 continuanda
1688 3429 1724 3503 P
1787 3471 1887 3484 -—
1951 3428 2100 3508 Qui
2163 3438 2401 3506 autem
2456 3427 2755 3504 libenter
2798 3434 2871 3502 et
2914 3428 3139 3504 otium
3182 3451 3393 3504 suum
3435 3435 3511 3504 et
3552 3427 3743 3506 labo·

695 3571 839 3624 rem
885 3548 1292 3650 impendat,
1344 3556 1425 3623 ut
1468 3572 1595 3624 sua
1637 3548 1786 3650 ipse
1825 3548 2106 3625 inventa
2143 3549 2455 3648 perficiet
2490 3556 2561 3624 et
2593 3548 2944 3637 absolvat,
2991 3549 3345 3646 quomodo
3390 3572 3552 3624 eum
3590 3549 3739 3625 adi-

691 3693 852 3769 gere
889 3668 1114 3770 possis
1132 3727 1152 3758 ,
1199 3677 1277 3744 ut
1301 3669 1592 3744 eandem
1635 3693 1916 3768 operam
1953 3667 2256 3743 inventis
2308 3667 2551 3743 alienis
2582 3675 2887 3768 praestet
2903 3667 2939 3741 P
2989 3667 3202 3746 Quod
3234 3666 3295 3742 si
3322 3675 3739 3766 argumento

689 3787 1058 3888 probatum
1097 3788 1396 3890 cupiatis
1416 3846 1438 3877 ,
1479 3787 1685 3864 velim
1709 3787 1782 3863 in
1811 3796 2116 3864 mentem
2143 3785 2337 3862 vobis
2368 3789 2623 3862 vocetis
2649 3788 2881 3888 gentis
2910 3786 3097 3862 illius
3120 3845 3141 3876 ‚
3178 3809 3393 3884 quam
3412 3784 3736 3864 novimus·

690 3909 990 4009 plurima
1051 3918 1127 3986 et
1199 3909 1503 3984 maxima
1575 3909 1648 3984 in
1719 3909 2022 4010 physicis
2066 3907 2411 3982 detexisse
2428 3964 2449 3995 ‚
2497 3908 2766 4006 Anglos
2807 3906 2999 3993 dico;
3044 3905 3234 4005 apud
3281 3929 3457 4004 quos
3502 3928 3731 4005 neque

693 4035 918 4103 sectae
967 4037 1136 4104 sunt
1177 4038 1252 4104 et
1297 4029 1447 4104 sine
1495 4028 1756 4104 invidia
1804 4029 2286 4126 unusquisque
2345 4049 2517 4100 suus
2568 4033 2641 4100 et
2692 4027 3013 4128 proprius
3058 4051 3210 4102 esse
3255 4033 3507 4126 potest.

791 4147 932 4224 Sed
1013 4146 1138 4224 ubi
1207 4173 1434 4224 sermo
1493 4161 1602 4224 est
1665 4149 1754 4223 de
1813 4147 2065 4247 Anglis
2083 4205 2104 4236 ‚
2175 4169 2314 4222 non
2376 4145 2775 4222 meminisse
2837 4170 2977 4223 non
3058 4169 3429 4245 possumus
3486 4146 3727 4246 singu·

695 4267 857 4344 laris
941 4265 1304 4343 cuiusdam
1391 4268 1533 4356 rei,
1610 4291 1820 4365 quam
1883 4266 2097 4343 aetati
2171 4273 2445 4342 nostrae
2518 4267 2859 4366 propriam
2882 4325 2903 4356 ,
2986 4265 3176 4365 apud
3250 4265 3437 4365 ipsos
3505 4266 3729 4342 multo

693 4387 920 4488 magis
982 4411 1197 4487 quam
1269 4387 1460 4488 apud
1540 4409 1963 4487 quemquam
2032 4385 2251 4463 alium
2317 4384 2657 4484 populum
2730 4385 3275 4462 animadvertere
3344 4383 3526 4461 licet.
3618 4385 3725 4462 Ibi

695 4506 880 4582 enim
901 4565 922 4597 ,
991 4506 1183 4606 quod
1252 4507 1458 4583 multi
1537 4505 1914 4607 aegerrime
1983 4505 2160 4581 ferre
2237 4503 2500 4593 solent,
2586 4505 2847 4580 multos
2938 4528 3089 4579 esse
3168 4503 3529 4593 novimus,
3598 4505 3727 4604 qui

693 4628 1050 4704 scientiam
1108 4627 1414 4702 excolere
1469 4625 1840 4702 instituant
1889 4649 2028 4701 non
2090 4631 2252 4699 ante
2295 4625 2681 4724 praeparati
2740 4622 2989 4699 studiis
3008 4681 3029 4711 ‚
3096 4621 3357 4722 quibus
3398 4647 3537 4698 non
3588 4622 3721 4697 im-

693 4771 880 4848 pune
931 4747 1094 4847 quis
1134 4771 1364 4826 cerere
1407 4771 1608 4848 posse
1649 4755 1956 4847 putatur.
2052 4746 2300 4819 Fateor
2348 4743 2671 4853 equidem
2718 4743 3014 4818 libenter
3056 4765 3207 4816 esse
3252 4748 3481 4907 paites
3520 4741 3725 4817 disci-

3282 4863 3329 4934 2
