4728 5991
1116 579 1249 646 272
1816 577 1887 646 a.
1960 579 2007 647 1.
2074 545 2398 643 ‘nissr
2465 575 2970 644 Lonclon
3035 572 3486 646 omno,

1215 790 1432 863 Grato
1468 787 1721 887 fungor
1754 786 2013 876 officio,
2052 810 2271 885 quum
2308 793 2378 860 te
2401 793 2562 860 tuae
2587 809 2832 884 operae
2850 844 2870 874 ,
2901 783 3192 874 laboris,
3223 784 3608 861 industriae
3629 786 3888 885 optime
3915 789 4137 864 merito

1114 907 1419 1006 praemio
1452 930 1723 984 corono.
1792 907 2111 983 Praemio
2148 904 2264 979 illo
2301 912 2648 1005 reportato
2683 905 2856 980 scito
2879 903 3078 1003 quasi
3103 903 3390 1005 pignore
3417 905 3720 1004 quodam
3745 915 3816 980 te
3845 917 4132 984 coactum

1118 1049 1303 1115 esse,
1349 1035 1429 1100 ut
1466 1034 1535 1101 te
1574 1027 1731 1102 talis
1766 1035 2071 1126 praestes
2091 1084 2112 1117 ,
2164 1026 2442 1126 qualem
2479 1033 2550 1100 te
2583 1026 2896 1100 futurum
2939 1049 3090 1101 esse
3122 1033 3194 1100 et
3219 1049 3576 1126 speramus
3605 1033 3676 1102 et
3703 1031 4134 1126 auguramur!

1214 1265 1671 1341 Ornatissimc
1712 1267 2008 1342 nuum!
2088 1265 2500 1366 Pergratum
2543 1264 2716 1340 mihi
2755 1263 3053 1353 accidit,
3091 1272 3172 1337 ut
3203 1274 3274 1338 te
3315 1289 3357 1338 e
3401 1265 3618 1366 Regis
3657 1266 4140 1366 Angustissimi

1110 1386 1517 1462 auctoritate
1584 1386 1855 1462 virtutis
1918 1395 2129 1486 atque
2192 1385 2548 1461 doctrinae
2605 1385 2910 1485 praemio
2958 1385 3219 1483 possim
3263 1383 3734 1460 condecorare.
3834 1387 4139 1476 Nomini,

1112 1505 1302 1606 quod
1372 1505 1503 1579 tibi
1572 1515 1677 1580 est
1695 1565 1715 1595 ,
1784 1506 1947 1581 huic
2022 1504 2442 1580 Academiae
2514 1505 2866 1580 carissimo
2888 1563 2908 1592 ,
2973 1528 3232 1578 novum
3299 1504 3732 1604 splendorem
3804 1506 4140 1580 addidisti.
4195 1549 4200 1554 ·

1108 1627 1483 1702 Laetamur
1502 1683 1523 1714 ,
1590 1635 1659 1700 te
1707 1625 1939 1726 ipsum
1984 1626 2121 1700 iam
2170 1625 2442 1699 vinculo
2487 1625 2790 1723 quodam
2839 1636 3112 1699 nostrae
3156 1624 3574 1700 Academiae
3617 1624 3936 1700 iunctum
3983 1649 4138 1700 esse.

1108 1747 1330 1846 Perge
1398 1745 1609 1820 etiam
1676 1745 2093 1820 Academiae
2162 1743 2850 1844 Lugduno-Batavae
2873 1802 2893 1833 ,
2961 1743 3053 1819 ad
3117 1767 3326 1842 quam
3393 1744 3610 1819 victor
3668 1744 3854 1819 redis
3876 1803 3896 1834 ,
3949 1745 4143 1820 decus

1110 1889 1261 1941 esse
1316 1873 1389 1940 et
1438 1875 1920 1940 ornamentum
1950 1866 1966 1939 1

3887 2031 3928 2044 Ι·

1186 2081 1665 2180 Ὀτῃαῐίεείωο
1728 2105 2043 2179 amona!
2113 2104 2515 2180 Admodum
2581 2106 2832 2194 laetor,
2901 2129 3013 2179 me
3073 2113 3146 2180 et
3198 2103 3326 2177 tibi
3347 2163 3366 2192 ,
3417 2113 3688 2178 nostrae
3742 2103 4145 2179 Academiae

1107 2226 1422 2314 alumno,
1473 2249 1761 2300 aureum
1804 2225 2189 2325 praemium
2237 2250 2439 2324 posse
2477 2226 2768 2302 tradere.
2839 2225 3164 2300 Facultas
3213 2223 3516 2299 Iuridica
3563 2233 3756 2298 tuam
3805 2248 4141 2300 commen-

1106 2348 1439 2422 tationem
1500 2345 1781 2445 quidem
1835 2345 2119 2446 dignam
2166 2345 2627 2435 iudicaverat,
2693 2369 2874 2445 quae
2917 2369 3086 2420 auro
3137 2352 3611 2432 coronaretur,
3663 2345 3785 2418 sed
3831 2369 3983 2418 sors
4029 2345 4144 2418 tibi

1102 2466 1405 2543 infausta
1468 2465 1638 2553 fuit,
1709 2489 1930 2564 quum
2002 2489 2085 2538 ea
2145 2463 2618 2539 definiendum
2683 2473 2904 2554 esset,
2973 2465 3112 2540 utri
3160 2465 3454 2538 duarum
3502 2464 4066 2562 responsionum,
4108 2489 4146 2538 a

1101 2587 1428 2662 facultate
1480 2585 1947 2684 maximopere
1991 2584 2430 2660 laudatarum
2453 2642 2475 2675 ,
2537 2609 2868 2660 nummus
2914 2610 3166 2661 aurens
3214 2583 3634 2658 tribuendus
3675 2594 3879 2659 esset.
3989 2587 4143 2660 Gra·

1100 2708 1287 2783 tulor
1346 2707 1510 2794 tibi,
1574 2705 1763 2805 quod
1820 2705 2037 2806 Regis
2082 2705 2554 2780 munificentia
2603 2705 2806 2780 sortis
2853 2703 3292 2804 iniquitatem
3312 2762 3333 2792 ,
3383 2704 3656 2780 etiamsi
3697 2703 3918 2778 honor
3973 2705 4142 2778 idem

1101 2825 1351 2902 fuisset
1371 2884 1392 2914 ,
1444 2825 1931 2924 compensavit.
2033 2825 2133 2900 'l'e
2194 2824 2287 2900 ob
2340 2823 2756 2900 industriam
2817 2831 3011 2900 tuam
3067 2831 3140 2899 et
3185 2823 3534 2924 egregiam
3579 2822 3797 2898 animi
3849 2823 4142 2898 indolem

1100 2947 1242 3023 iam
1296 2947 1567 3021 dudum
1620 2945 1859 3045 magni
1909 2942 2363 3021 aestimarunt
2413 2951 2483 3021 et
2541 2945 2931 3021 dilexerunt
2971 2952 3443 3046 praeceptores
3495 2950 3567 3019 et
3613 2943 4140 3029 commilitonem

1103 3076 1315 3167 atque
1374 3066 1700 3165 augurari
1750 3065 1911 3140 licet
1957 3064 2136 3155 fore,
2179 3076 2261 3141 ut
2312 3065 2550 3140 matris
2593 3066 2898 3165 optimae
2948 3065 3204 3165 gaudia
3251 3065 3603 3141 cumulare
3653 3088 3903 3163 pergas
3945 3072 4018 3138 et
4059 3062 4138 3138 ad

1102 3188 1359 3263 maiora
1408 3184 1783 3261 contendas
1830 3184 2210 3259 industriae
2266 3183 2676 3282 virtutisque
2722 3183 3049 3282 praemia.

1202 3421 1659 3497 Ornatissimc
1701 3422 2127 3495 Pmmrsou!
2206 3422 2532 3497 Testante
2581 3418 2906 3495 facultate
2956 3418 3248 3495 iuridica
3295 3420 3574 3520 egregia
3623 3420 3994 3519 prodidisti
4043 3420 4137 3493 in-

1100 3544 1407 3619 dustriae
1457 3543 1945 3641 doctrinaeque
1989 3541 2404 3616 documenta
2424 3600 2444 3630 ,
2494 3549 2565 3615 et
2609 3540 2902 3641 dignum
2945 3550 3016 3615 te
3065 3540 3393 3617 iudicavit
3432 3540 3601 3616 ordo
3622 3600 3642 3629 ,
3692 3542 3884 3640 quod
3929 3542 4138 3616 hono-

1095 3666 1287 3741 rifico
1353 3664 1579 3740 laudis
1646 3661 2041 3738 testimonio
2111 3660 2388 3762 publice
2462 3658 2818 3735 ornareris.
2939 3660 3033 3733 Et
3105 3660 3232 3735 hoc
3305 3661 3688 3759 praemium
3769 3669 3878 3735 est
3949 3659 4133 3735 haud

1096 3785 1329 3885 exigui
1380 3783 1619 3883 pretii!
1718 3782 1941 3882 Perge
1986 3806 2107 3873 ec,
2158 3806 2363 3881 quem
2423 3783 2778 3882 ingressus
2829 3805 2940 3869 es,
3004 3782 3315 3869 tramite,
3384 3790 3462 3855 ut
3515 3780 3894 3879 aliquando
3949 3805 4134 3853 sum·

1094 3930 1281 3982 mam
1331 3904 1505 3979 ferre
1544 3904 1849 4003 palmam
1894 3900 2027 3976 tibi
2072 3904 2462 4001 contingat!

1194 4143 1476 4229 Restat,
1544 4151 1626 4215 ut
1688 4141 2003 4217 Rectoris
2058 4142 2420 4242 Magnifici
2469 4166 2726 4217 munus
2789 4142 3129 4241 deponam
3151 4198 3170 4230 ,
3239 4149 3312 4216 et
3355 4137 3728 4215 successori
3773 4136 4136 4235 designato
4193 4140 4234 4159 ⁸

1092 4261 1385 4337 tradam.
1484 4260 1733 4359 Itaque
1782 4284 1868 4335 ex
1916 4260 2133 4361 Regis
2176 4261 2682 4361 Angustissimi
2727 4261 3002 4335 decreto
3049 4270 3154 4349 te,
3217 4259 3592 4335 clarissime
3639 4276 4092 4331 roucnnom
4109 4310 4130 4340 ,

1092 4382 1165 4457 in
1220 4380 1611 4480 proximum
1662 4403 1923 4457 annum
1974 4380 2335 4458 Rectorem
2393 4382 2852 4481 Magnificum
2904 4381 3091 4470 dico,
3141 4379 3460 4465 renuntio
3481 4434 3502 4466 ,
3563 4376 3933 4476 proclamo.
4031 4372 4132 4447 Te

1090 4502 1384 4579 Rectore
1435 4499 1813 4599 Magnifico
1862 4500 2125 4601 vigeat,
2172 4500 2446 4587 floreat,
2496 4507 2754 4573 crescat
2793 4498 3170 4573 Academia
3213 4494 3696 4595 Groninganal

2438 4744 2780 4777 —--———
