4728 5991
1817 517 2375 594 ORATIO.
3489 528 3617 597 115

568 739 640 810 et
679 731 1046 831 scriptores
1090 730 1463 830 elegantes,
1533 731 1756 806 Taceo
1786 737 2048 806 ceteros
2066 791 2087 821 ‚
2115 733 2531 824 Auditores,
2562 743 2635 810 at
2660 758 2933 812 navius
2964 735 3061 827 ⁷⁰)
3093 743 3165 810 et
3189 755 3481 824 Annum
3510 737 3613 828 8⁰)

567 859 642 930 at
709 872 1186 928 saunuoarn
1229 851 1328 943 81)
1397 863 1472 924 et
1537 873 1924 926 campanus
1943 884 1962 941 ;
2008 853 2110 946 8θ’)
2176 862 2252 928 at
2313 876 2629 930 nonanus
2675 857 2775 948 ⁸³)
2828 863 2899 930 et
2942 875 3467 944 assummum
3510 855 3612 948 8⁴)

567 981 642 1050 at
693 993 1103 1070 vnomxms
1121 971 1220 1063 ⁸⁶)
1273 976 1346 1044 et
1390 993 1780 1045 naxxnaus
1811 971 1909 1063 80)
1961 977 2032 1046 et
2080 997 2240 1048 vero
2285 997 2611 1050 nonnus
2658 984 2893 1050 noster
2914 1033 2935 1066 ,
2986 974 3276 1074 quanti,
3316 999 3615 1072 quaeso,

569 1093 732 1168 viril
833 1092 1072 1170 Quam
1125 1089 1370 1164 vellem
1391 1147 1412 1179 ‚
1463 1088 1636 1188 quid
1685 1088 1946 1190 singuli
1990 1092 2502 1191 praestiterint,
2550 1094 2905 1172 enucleate
2948 1093 3197 1170 referre
3214 1152 3237 1183 ‚
3284 1093 3614 1169 laudibus

566 1237 684 1290 eos
748 1211 1110 1300 extollere,
1183 1208 1439 1310 gloriae
1503 1209 1964 1309 sempiternae
2031 1211 2288 1286 iterum
2337 1212 2733 1313 iterumque
2790 1214 3311 1290 commendare!
3402 1212 3615 1288 Vetat

565 1339 802 1408 autem
870 1329 1240 1429 temporis,
1315 1355 1456 1430 quo
1521 1329 1936 1419 concludor,
2001 1331 2347 1431 angustia.
2458 1333 2771 1410 Sufficiat
2816 1333 3035 1434 igitur
3082 1333 3157 1408 in
3207 1333 3613 1408 memoriam

563 1475 914 1526 revocasse
933 1507 954 1539 ,
1027 1455 1222 1524 tanta
1286 1447 1536 1522 horum
1587 1447 1887 1522 virorum
1944 1449 2190 1526 merita
2233 1448 2449 1524 fuisse
2498 1475 2663 1526 cum
2704 1453 2778 1527 in
2820 1454 2991 1529 alias
3032 1452 3415 1528 medicinae
3454 1476 3611 1550 par-

565 1578 670 1646 tes
691 1628 713 1659 ,
785 1578 938 1644 tum
995 1593 1155 1643 vero
1203 1567 1608 1667 praesertim
1649 1567 1726 1642 in
1774 1567 2234 1644 anatomicam
2287 1569 2723 1670 disciplinam
2742 1631 2763 1661 ,
2826 1580 2907 1647 ut
2956 1573 3359 1672 ubicunque
3402 1581 3611 1648 terra-

564 1715 718 1765 rum
761 1690 854 1764 ab
899 1687 1228 1764 omnibus
1265 1687 1436 1762 artis
1475 1687 1714 1786 peritis
1764 1687 2084 1763 lubenter
2121 1699 2609 1788 agnoscantur.
2678 1691 2937 1766 Missos
2982 1691 3159 1766 facio
3208 1691 3570 1792 chirurgos
3587 1748 3611 1782 ,

565 1809 813 1884 missos
877 1809 1090 1884 etiam
1137 1831 1458 1884 monus
1503 1808 1874 1887 ministros,
1917 1810 2016 1901 87)
2123 1807 2308 1884 Satis
2353 1809 2543 1886 enim
2589 1835 2935 1910 superque
2980 1810 3239 1886 dixisse
3284 1810 3460 1886 mihi
3510 1811 3609 1886 vi-

564 1929 730 2004 deor
749 1988 770 2018 ,
845 1939 925 2004 ut
987 1927 1392 2029 intelligatis
1413 1987 1434 2016 ,
1505 1953 1628 2026 per
1673 1928 1807 2003 tria
1858 1928 2187 2027 deinceps
2245 1929 2521 2005 saecula
2572 1931 2831 2028 patrias
2879 1929 3295 2008 Academias
3342 1930 3437 2006 ad
3486 1955 3609 2031 pa-

562 2050 766 2124 triam
815 2049 1229 2124 medicinam
1281 2047 1764 2124 vindicandam
1815 2049 2244 2148 permultum
2290 2049 2687 2126 contulisse.

660 2170 878 2249 Quod
943 2169 1218 2244 etiamsi
1288 2168 1454 2243 dare
1513 2178 1854 2268 cogantur
1871 2227 1892 2257 ‚
1965 2176 2173 2242 erunt
2232 2169 2523 2244 fortasse
2542 2227 2563 2258 ,
2613 2170 2737 2269 qui
2782 2177 3031 2271 rogent
3048 2229 3069 2259 ,
3120 2193 3350 2246 nonne
3398 2169 3611 2245 etiam

562 2288 712 2364 sine
774 2289 1174 2366 Academiis
1243 2286 1587 2362 medicina
1661 2287 1994 2362 vindicari
2060 2288 2301 2386 possit.
2402 2289 2736 2364 Attamen
2778 2291 3217 2364 institutione
3263 2315 3440 2391 opus
3480 2296 3609 2366 est.

555 2410 812 2507 Itaque
889 2407 995 2483 vel
1053 2407 1146 2482 ad
1208 2406 1512 2504 privatos
1575 2406 2120 2506 confugiendum
2197 2406 2326 2481 erit
2398 2407 2703 2483 medicos
2722 2466 2743 2497 ,
2796 2409 2905 2484 vel
2949 2409 3043 2484 ad
3092 2409 3413 2484 Scholam
3466 2409 3611 2482 sive

557 2528 902 2604 Clinicam
925 2585 948 2616 ‚
995 2550 1210 2625 quam
1251 2531 1540 2615 vocant,
1591 2526 1734 2601 sive
1769 2527 1976 2604 aliam
2015 2526 2298 2625 publica
2336 2526 2745 2604 auctoritate
2780 2527 3253 2604 constitutam.
3311 2528 3413 2602 At
3452 2551 3611 2601 vero

553 2655 804 2724 tantus
875 2653 986 2721 est
1057 2645 1500 2745 disciplinae,
1557 2669 1701 2743 qua
1745 2644 2060 2720 medicus
2103 2643 2415 2744 indiget,
2464 2643 2811 2735 ambitus,
2863 2655 2945 2721 ut
2986 2671 3194 2722 nemo
3236 2645 3609 2745 quisquam

552 2767 770 2842 detur
787 2823 810 2855 ,
861 2763 986 2865 qui
1039 2766 1227 2840 solus
1275 2764 1368 2840 ad
1423 2764 1815 2840 docendum
1867 2763 2182 2841 sufficiat.
2281 2763 2535 2864 Neque
2585 2762 2787 2841 binos
2836 2765 3038 2842 facile
3084 2764 3453 2865 magistros
3503 2764 3609 2839 in·

555 2887 792 2964 venies
811 2943 834 2975 ,
905 2909 1208 2984 quorum
1273 2883 1450 2960 alter
1505 2885 1583 2959 in
1635 2883 1938 2984 physicis
1995 2884 2381 2984 disciplinis
2397 2943 2418 2974 ,
2470 2884 2645 2960 alter
2685 2885 2759 2960 in
2814 2883 3103 2960 medicis
3148 2884 3249 2960 ita
3303 2891 3611 2959 versatus

555 3008 686 3097 sit,
761 3013 842 3082 ut
911 3012 1200 3081 cunctas
1269 3012 1342 3079 et
1413 3005 1724 3105 singulas
1779 3006 1984 3104 plene
2037 3014 2112 3081 et
2173 3012 2491 3081 accurate
2536 3004 2807 3081 tradere
2858 3005 3101 3105 possit.
3204 3006 3361 3079 Imo
3410 3027 3567 3079 vero
3586 3061 3610 3095 ,

555 3128 829 3203 etiamsi
873 3127 1178 3226 plurium
1221 3125 1726 3224 conspiratione
1774 3132 1847 3200 et
1895 3124 2240 3201 consortio
2285 3124 2688 3202 dividantur
2730 3126 3029 3201 docendi
3071 3130 3301 3226 partes
3316 3182 3337 3215 ,
3388 3148 3609 3223 quan·

556 3248 934 3347 doquidem
1015 3245 1168 3321 sine
1249 3244 1466 3319 bortis
1541 3253 1613 3321 et
1685 3244 2116 3320 laboratoriis
2133 3303 2154 3335 ,
2233 3244 2419 3321 vario
2502 3245 2917 3346 supellectili
2986 3244 3379 3333 instructis,
3460 3244 3609 3320 sine

555 3373 816 3443 museis
883 3366 1178 3465 aliisque
1243 3365 1634 3441 studiorum
1680 3365 2041 3464 praesidiis
2059 3424 2080 3454 ,
2148 3390 2328 3466 quae
2378 3364 2629 3464 privati
2675 3365 2991 3440 homines
3036 3364 3173 3439 sibi
3212 3388 3609 3463 comparare

555 3494 914 3586 nequeunt
935 3544 956 3575 ,
1021 3484 1275 3561 medici
1333 3486 1463 3561 rite
1509 3486 1868 3563 informari
1917 3510 2058 3561 non
2108 3493 2443 3585 possunt,
2494 3485 2759 3584 privata
2796 3484 2917 3561 illa
2968 3484 3317 3560 institutio
3362 3490 3651 3558 manca'

557 3608 686 3683 erit
749 3614 823 3682 et
885 3605 1082 3682 valde
1144 3604 1566 3705 imperfecta.
1667 3605 1870 3681 Idem
1922 3606 2126 3681 „valet
2191 3605 2266 3680 in
2342 3604 2626 3680 Scholas
2647 3662 2669 3693 ,
2740 3603 3001 3703 quibus
3043 3608 3324 3701 propter
3363 3601 3607 3695 aerarii

556 3726 948 3826 angustiam
1021 3732 1298 3801 sumtus
1371 3724 1738 3801 necessarii
1803 3724 2231 3824 suppeditari
2301 3730 2681 3823 nequeunt.
2783 3724 2855 3796 N
2856 3747 2935 3797 ec
2988 3730 3221 3796 tamen
3276 3719 3601 3795 dubitan-

557 3846 724 3921 dum
741 3904 762 3935 ,
826 3844 1203 3920 Auditores
1225 3902 1246 3933 ,
1312 3845 1483 3944 quin
1500 3902 1521 3935 ,
1588 3844 1950 3919 deficiente
1994 3843 2431 3919 institutione
2497 3840 2891 3917 academica
2909 3899 2930 3930 ,
2994 3839 3187 3915 haud
3242 3840 3449 3939 pauci
3492 3838 3602 3945 iuss

556 3988 760 4039 venes
780 4020 801 4052 ,
868 3970 1090 4037 artem
1165 3961 1538 4037 salutarem
1611 3961 1964 4039 addiscere
2039 3959 2397 4061 cupientes
2416 4016 2437 4048 ,
2512 3960 2622 4035 vel
2686 3959 2973 4036 medicis
3040 3984 3117 4034 se
3183 3959 3467 4060 privatis
3525 3960 3603 4035 in

557 4082 990 4183 disciplinam
1021 4080 1377 4156 'tradituri
1446 4082 1714 4169 forent,
1781 4079 1890 4154 vel
1962 4102 2216 4153 nomen
2296 4078 2529 4153 daturi
2591 4080 2858 4157 Scholia
2906 4080 3305 4157 istiusmodi
3346 4081 3600 4183 imper-

555 4202 774 4279 fectis.
877 4200 1092 4279 Quod
1141 4200 1400 4299 siquis
1439 4200 1632 4299 parvi
1667 4201 1881 4275 ducat
1897 4258 1918 4289 ,
1969 4199 2294 4300 opinatus
2333 4199 2593 4276 scilicet
2610 4259 2631 4291 ,
2682 4199 2858 4276 nihil
2894 4201 3059 4277 inde
3098 4201 3599 4303 rempublicam

557 4346 798 4422 capere
874 4318 1274 4394 detrimenti
1335 4344 1539 4420 posse
1555 4378 1576 4410 ,
1649 4319 1858 4395 modo
1923 4342 2158 4393 severa
2207 4317 2591 4394 iuratorum
2643 4319 2960 4420 probatio
3010 4320 3328 4420 stupidos
3370 4327 3601 4397 arceat

559 4450 626 4517 et
683 4439 1042 4540 imperitos
1064 4496 1086 4526 ,
1144 4438 1206 4513 is
1257 4438 1332 4513 in
1382 4440 1790 4538 gravissimo
1812 4497 1833 4529 ,
1883 4462 1996 4513 me
2047 4438 2332 4539 quidem
2393 4438 2658 4529 iudice,
2726 4448 3038 4515 versatur
3086 4464 3333 4516 errore.
3432 4440 3597 4514 Stu-

557 4560 706 4661 pidi
723 4618 744 4651 ,
815 4583 953 4634 non
1021 4564 1128 4633 est
1173 4559 1365 4657 quod
1409 4559 1814 4635 dubitemus
1831 4616 1854 4649 ,
1917 4558 2338 4635 arcebuntur
2355 4615 2377 4647 ‚
2426 4566 2499 4633 at
2539 4558 2775 4659 plures
2824 4559 3286 4635 admittentur
3336 4557 3595 4631 medio-

557 4680 759 4756 criter
803 4678 990 4755 docti
1013 4736 1034 4768 ‚
1081 4678 1176 4754 ad
1215 4678 1510 4779 patriam
1567 4678 1986 4756 medicinam
2037 4678 2523 4755 vindicandam
2566 4678 2793 4755 multo
2832 4678 3071 4755 minus
3108 4676 3341 4753 idonei
3384 4698 3599 4775 quam

3113 4799 3203 4871 15
3219 4795 3264 4843 ¹*
