4728 5991
1529 613 1737 680 ACTA
1787 615 1886 680 ET
1932 613 2190 681 GESTA
2239 613 2332 679 IN
2381 614 2719 682 SENATU.
3568 614 3657 682 35

1953 848 2043 922 A.
2100 847 2312 921 1863.

599 1065 737 1141 Die
849 1069 894 1140 9
945 1091 1042 1142 m.
1091 1064 1470 1144 Februarii.
1574 1065 1936 1140 Recitatur
1984 1064 2338 1140 decretum
2386 1062 2733 1164 Regium,
2786 1063 2853 1139 d.
2883 1063 2955 1140 d.
2994 1066 3090 1138 22
3137 1063 3331 1152 Ian„
3381 1089 3523 1163 quo
3576 1065 3651 1140 in

946 1210 1207 1262 annum
1272 1185 1772 1262 Academicum
1836 1185 2196 1260 ineuntem
2258 1185 2520 1260 Rector
2570 1183 2997 1283 Magnificus
3046 1192 3318 1261 creatur
3366 1185 3470 1259 vir
3512 1186 3649 1261 cla·

943 1305 1262 1384 tissimus
1312 1332 1376 1384 c.
1429 1333 1498 1384 e.
1551 1330 1802 1382 cosm.

1048 1429 1288 1504 Refert
1353 1429 1608 1504 Rector
1673 1425 2098 1527 Magnificus
2146 1427 2220 1500 in
2270 1433 2617 1501 conventu
2670 1424 3089 1500 Cui-storum
3140 1449 3303 1500 cum
3355 1426 3651 1502 Rectore

944 1547 1326 1647 Magnifioo
1407 1556 1479 1623 et
1559 1546 2048 1622 Assessoribus
2134 1546 2375 1620 habito
2446 1545 2517 1619 in
2588 1545 2981 1645 proximum
3048 1569 3315 1621 annum
3385 1547 3649 1622 Aetna·

947 1669 1131 1743 rium
1183 1669 1473 1744 Senatui
1523 1677 1836 1744 creatum
1884 1691 2035 1743 esse
2085 1667 2310 1741 virum
2356 1665 2815 1742 clarissimum
2866 1688 2931 1742 1³.
2986 1689 3050 1742 L.
3102 1689 3321 1744 imm

1041 1789 1314 1864 Futuro
1397 1788 1680 1864 Rectori
1769 1785 2152 1887 Magnifice
2228 1787 2635 1862 Assessores
2706 1785 3229 1862 constituuntur
3301 1785 3429 1862 viri
3510 1787 3647 1863 ola-

943 1908 1239 1985 rissimi:
2249 1895 2260 1908 ’

1521 2051 1586 2106 r.
1638 2052 1727 2105 w.
1777 2051 2128 2104 Immone..

1526 2172 1576 2221 1.
1628 2172 1695 2224 Ε.
1749 2172 2146 2224 oounsmw.

1535 2292 1586 2342 1.
1639 2291 1690 2343 1.
1744 2290 1982 2343 rmus.

1530 2411 1617 2462 w.
1673 2410 1734 2460 r.
1789 2411 1859 2462 R.
1911 2409 2308 2463 sumnam.

1044 2625 1302 2698 Rector
1365 2625 1790 2725 Magnificus
1841 2650 2003 2701 oum
2055 2626 2320 2702 Senatu
2368 2632 2441 2701 et
2480 2622 2763 2724 reliquis
2809 2621 3329 2700 Professoribus
3375 2625 3449 2700 in
3495 2629 3648 2704 Au-

947 2742 1278 2819 ditorium
1347 2745 1576 2820 maius
1647 2745 2008 2822 descendit
2075 2754 2149 2822 et
2219 2771 2305 2823 ex
2382 2745 2709 2822 cathedra
2770 2744 3154 2820 orationem
3207 2745 3459 2822 habet:
3534 2750 3651 2825 De

949 2866 1174 2939 causis
1188 2920 1211 2953 ,
1283 2866 1524 2964 quibus
1580 2867 1884 2963 effectum
1940 2869 2038 2942 eit
2051 2925 2074 2956 ,
2149 2875 2230 2942 ut
2290 2869 2587 2942 studium
2653 2865 3163 2964 disciplinarum
3206 2867 3650 2966 physicarum

945 2983 1075 3059 hac
1151 2992 1388 3061 nostra
1455 2993 1688 3062 aetate
1749 2994 1976 3063 tantos
2021 2988 2291 3085 fecerit
2331 3012 2761 3089 proyreesue.
2865 2987 3041 3063 Mox
3092 2987 3422 3065 enarratis
3469 2991 3648 3067 Aca·

951 3102 1224 3179 demiae
1265 3104 1428 3181 fatis
1448 3163 1469 3194 ‚
1516 3104 1918 3183 solennibus
1972 3106 2198 3183 verbis
2237 3108 2729 3211 magistratum
2774 3108 2995 3209 ponit.

1042 3221 1324 3299 Novum
1402 3224 1770 3303 Rectorem
1846 3225 2312 3328 Magnificum
2372 3228 2801 3307 Professores
2866 3226 3228 3307 deducunt
3269 3236 3342 3307 et
3392 3232 3645 3311 officio-

943 3340 1212 3419 sissime
1263 3344 1586 3423 salutant.
