4728 5991
1815 609 2376 683 ORATIO.
3489 613 3620 682 269

580 833 729 900 erat
774 822 1061 896 virtutes
1080 879 1101 910 ,
1153 820 1489 896 modestia
1529 819 1833 921 primum
1874 821 2163 898 fortasse
2204 823 2432 900 locum
2473 821 2873 921 occupabat.
2952 822 3192 921 Usque
3231 822 3324 898 ad
3361 847 3628 900 annum

586 941 1245 1042 quinquagesimum
1312 949 1641 1038 quartum
1700 941 1911 1016 huius
1954 942 2211 1018 saeculi
2259 941 2575 1042 plurimis
2623 942 2770 1018 suis
2815 942 3056 1020 officiis
3105 942 3305 1042 fungi
3358 948 3628 1040 poterat

586 1085 1011 1162 quamquam
1076 1061 1215 1135 iam
1278 1069 1447 1136 tunc
1490 1085 1627 1136 non
1684 1063 1983 1162 amplius
2030 1063 2215 1138 bona
2262 1063 2656 1140 valetudine
2699 1063 3072 1163 gaudebat.
3173 1061 3316 1136 Sed
3361 1061 3452 1136 ab
3497 1062 3626 1137 hoc

588 1181 747 1256 inde
802 1205 989 1256 anno
1052 1180 1227 1254 vires
1286 1181 1353 1256 ei
1412 1181 1703 1258 deficere
1760 1192 2175 1283 coeperunt,
2242 1183 2420 1258 vires
2476 1183 2776 1283 eorporis
2819 1206 2958 1258 non
3012 1191 3319 1271 tantum,
3383 1181 3505 1256 sed
3553 1189 3626 1256 et

586 1301 855 1377 mentis.
960 1302 1123 1378 Quo
1166 1299 1427 1376 factum
1474 1311 1581 1375 est
1605 1358 1627 1390 ‚
1678 1311 1759 1376 ut
1801 1327 1983 1378 anno
2034 1302 2610 1403 quinquagesimo
2655 1311 2896 1379 octavo
2945 1303 3118 1378 rude
3163 1303 3461 1377 donatus
3511 1302 3622 1378 sit.

584 1423 773 1495 Inter
834 1421 1021 1496 vivos
1084 1419 1581 1497 numerabatur
1598 1479 1618 1510 ,
1688 1421 1959 1496 etiamsi
2022 1423 2241 1497 vivere
2304 1423 2416 1497 vix
2478 1423 2616 1497 dici
2684 1432 2956 1522 posset,
3031 1446 3250 1521 usque
3299 1423 3390 1500 ad
3433 1418 3624 1498 die'm

588 1542 991 1641 vigesimum
1038 1552 1367 1617 octavum
1422 1542 1839 1617 Novembris
1908 1543 2075 1618 anni
2134 1543 2506 1642 superioris
2526 1601 2546 1632 ,
2597 1569 2736 1643 quo
2791 1545 2904 1618 die
2955 1543 3202 1619 ultima
3247 1542 3398 1616 eius
3444 1542 3622 1617 vitae

584 1662 873 1736 scintilla
928 1661 1233 1737 extincta
1282 1671 1408 1737 est.
1512 1661 1621 1737 Sit
1666 1662 1767 1736 illi
1812 1661 2033 1738 bene!

676 1781 967 1880 Aliquot
1004 1806 1277 1856 menses
1321 1793 1479 1880 post
1511 1782 1933 1858 clarissimus
1976 1806 2073 1858 mi
2116 1807 2412 1858 oanuvr.
2452 1784 2636 1859 diem
2679 1784 2854 1859 obiit
2899 1808 3322 1883 supremum.
3391 1781 3622 1856 Natus

587 1912 729 1978 erat
778 1903 1285 1978 Amstelodami
1334 1901 1449 1978 die
1498 1911 1693 1978 sexto
1748 1903 2155 1979 Decembris
2204 1902 2370 1980 anni
2419 1903 2768 1979 millesimi
2813 1900 3410 2004 septingentesimi
3449 1902 3623 1976 duo·

588 2023 853 2098 decimi.
948 2024 1311 2111 Parentes,
1370 2024 1495 2122 qui
1556 2024 1873 2124 religioni
1934 2023 2680 2100 Romano-Catholicae
2737 2035 2934 2099 erant
2995 2023 3253 2098 addicti
3269 2081 3288 2110 ‚
3345 2022 3486 2096 iam
3548 2020 3622 2094 in

584 2143 729 2218 eius
800 2142 1095 2242 pueritia
1159 2168 1323 2218 eum
1390 2144 1715 2220 clericum
1778 2145 2149 2244 aliquando
2224 2145 2544 2220 futurum
2617 2145 3036 2220 statuebant.
3151 2142 3402 2218 Primis
3475 2150 3622 2216 stu·

583 2267 853 2341 diorum
902 2267 1340 2342 classicorum
1386 2267 1747 2344 elementis
1800 2267 2115 2342 imbutus
2156 2276 2265 2343 est
2302 2267 2378 2344 in
2435 2266 2814 2366 Gymnasio
2867 2265 3060 2340 urbis
3113 2267 3392 2364 patriae.
3463 2261 3538 2336 H
3543 2286 3622 2335 u·

589 2386 695 2460 ius
752 2387 1007 2461 saeculi
1054 2411 1237 2461 anno
1288 2385 1655 2462 undecimo
1700 2386 1794 2462 ad
1836 2387 2353 2463 universitatem
2401 2386 2826 2461 Catholicam
2872 2386 2944 2459 in
2995 2385 3166 2459 urbe
3205 2382 3622 2457 Germaniae

584 2506 1001 2581 Monasterio
1070 2531 1144 2582 se
1208 2507 1503 2582 contulit
1525 2565 1545 2596 ‚
1614 2506 1739 2582 ubi
1801 2517 1970 2582 tunc
2014 2507 2438 2583 clarissimus
2488 2529 2783 2581 nunnus
2839 2503 3282 2602 Theologiam
3333 2502 3620 2601 dogma·

582 2625 781 2700 ticam
854 2627 1165 2702 docebat.
1270 2627 1605 2726 Sequenti
1668 2651 1853 2704 anno
1922 2627 2013 2702 ab
2077 2629 2197 2703 illa
2264 2627 2706 2702 universitate
2769 2624 3118 2700 discedere
3186 2622 3466 2710 debuit,
3539 2627 3623 2696 ut

580 2743 831 2820 scilicet
891 2746 965 2819 in
1028 2746 1393 2822 seminario
1452 2745 1991 2823 Warmondensi
2051 2758 2472 2847 postremam
2523 2747 2861 2846 acciperet
2923 2745 3013 2819 ad
3063 2742 3376 2819 ordinem
3425 2739 3621 2816 cleri·

585 2864 795 2940 calem
855 2865 1387 2944 institutionem.
1486 2867 1808 2968 Negotiis
1842 2866 2309 2944 'familiaribus
2364 2891 2522 2942 vero
2578 2867 2956 2966 impeditus
2999 2873 3144 2953 est,
3196 2887 3336 2962 quo
3387 2860 3620 2936 minus

580 2982 678 3057 ibi
742 2985 1127 3061 studiorum
1198 2998 1455 3063 metam
1530 2988 1925 3089 attingeret.
2026 2989 2199 3064 Mox
2268 2989 2333 3063 ei
2394 2987 2686 3089 contigit
2755 2987 3052 3061 Romam
3120 2983 3311 3059 adire
3379 2979 3618 3080 ibique

586 3104 809 3179 studia
871 3107 963 3181 ad
1024 3105 1233 3183 finem
1301 3108 1693 3207 perducere.
1792 3111 1881 3184 In
1927 3109 2219 3210 patriam
2274 3109 2529 3198 redux,
2577 3107 2971 3209 capellanus
3017 3106 3244 3181 factus
3291 3110 3433 3192 est,
3478 3100 3618 3201 pri·

584 3248 775 3299 mum
841 3227 1350 3303 Amstelodami
1368 3287 1389 3318 ,
1458 3226 1620 3303 dein
1693 3230 2091 3329 Groningae
2112 3288 2134 3318 ‚
2200 3238 2441 3329 postea
2493 3228 2880 3323 ‚Ultraiectt
2983 3226 3140 3301 Hac
3197 3224 3272 3298 in
3325 3222 3498 3297 urbe
3543 3222 3618 3295 in

582 3343 815 3441 primis
872 3370 1195 3443 magnam
1262 3348 1395 3421 sibi
1458 3348 1823 3447 acquisivit
1878 3350 2309 3449 eloquentiae
2371 3349 2648 3424 famam.
2750 3346 2961 3422 Multi
3002 3355 3362 3445 propterea
3403 3341 3615 3416 eccle-

584 3463 717 3537 siae
780 3466 1519 3543 Romano-Catholicae
1591 3468 1757 3543 socii
1826 3468 2355 3544 Ultraiectenses
2425 3468 2796 3568 sperabant
2865 3466 3010 3541 fore
3025 3522 3044 3554 ‚
3107 3473 3186 3538 ut
3250 3460 3440 3563 apud
3498 3483 3617 3533 eos

582 3595 809 3680 pastor
856 3584 1245 3684 eligeretur.
1330 3588 1667 3687 Sperabat
1720 3597 1793 3663 et
1844 3590 2033 3687 ipse3
2102 3589 2225 3663 sed
2278 3612 2436 3687 spes
2487 3612 2608 3663 eos
2659 3586 2920 3661 fefellit.
3022 3584 3272 3657 Visum
3315 3590 3424 3656 est
3463 3580 3616 3653 eius

586 3704 1051 3801 superioribus
1073 3764 1093 3794 ,
1148 3708 1365 3781 virum
1388 3767 1409 3797 ‚
1457 3708 1647 3807 apud
1694 3709 1951 3784 multos
1996 3709 2134 3783 iam
2184 3709 2448 3784 clarum
2471 3766 2490 3796 ,
2541 3706 2800 3806 quippe
2839 3706 3124 3780 doctum
3171 3710 3244 3777 et
3287 3699 3612 3799 eloquen-

585 3834 717 3897 tem
742 3882 761 3911 ,
836 3826 957 3899 sed
1019 3827 1367 3903 liberalem
1434 3830 1641 3903 etiam
1664 3888 1683 3918 ,
1749 3830 1822 3903 in
1886 3830 2221 3929 exiguum
2284 3852 2542 3928 pagum
2615 3827 3056 3901 Neodamum
3109 3822 3420 3908 mittere,
3489 3818 3616 3893 ubi

581 3966 759 4017 anno
826 3946 1191 4021 millesimo
1259 3949 1829 4047 octingentesimo
1892 3949 2224 4048 vigesimo
2270 3949 2516 4047 quinto
2564 3956 2796 4046 pastor
2843 3945 3068 4019 factus
3115 3954 3243 4017 est.
3345 3937 3610 4013 Eodem

582 4074 813 4137 autem
860 4091 1043 4141 anno
1082 4094 1125 4142 a
1163 4093 1325 4167 rege
1367 4092 1773 4143 animuum
1809 4070 1843 4140 l
1888 4068 2271 4143 Lovanium
2314 4076 2598 4142 vocatus
2637 4075 2743 4139 est
2781 4064 2872 4139 ad
2915 4086 3176 4137 munus
3213 4058 3612 4161 professoris

581 4186 763 4283 apud
804 4187 1169 4287 collegium
1218 4189 1763 4287 philosophicum
1782 4248 1803 4278 ‚
1847 4189 1965 4263 illo
2004 4212 2186 4264 anno
2224 4187 2327 4262 ibi
2364 4196 2671 4262 erectum
2694 4244 2715 4274 ‚
2773 4182 3295 4283 auspicandum.
3397 4178 3613 4258 Quod

581 4306 942 4403 collegium
1010 4308 1157 4407 ipse
1224 4309 1667 4408 inauguravit
1734 4308 1971 4384 habita
2040 4309 2345 4384 oratione
2419 4310 2504 4382 de
2564 4307 2916 4403 fructibus
2991 4305 3456 4379 saluberrimis
3525 4302 3613 4375 ab

584 4426 699 4499 lcoc
768 4428 1043 4528 eolleqio
1120 4430 1608 4527 eoespectandis.
1730 4426 2045 4503 Docebat
2118 4428 2221 4503 ibi
2295 4428 2648 4503 historiam
2729 4426 3182 4502 universalem
3250 4432 3322 4498 et
3399 4423 3610 4497 histo·

582 4543 749 4619 riam
840 4546 1311 4646 philosophiae
1388 4572 1615 4648 usque
1698 4548 1791 4623 ad
1870 4572 2135 4623 annum
2214 4548 2425 4623 huius
2511 4546 2766 4623 saeculi
2848 4543 3280 4645 trigesimum
3302 4600 3322 4631 ‚
3390 4564 3612 4640 quum

582 4664 949 4763 Belgarum
1026 4668 1275 4743 seditio
1338 4692 1501 4743 eum
1546 4677 1823 4767 cogeret
1868 4667 2033 4742 inde
2082 4668 2400 4769 migrare.
2503 4667 2837 4765 Sequenti
2882 4690 3066 4739 anno
3115 4672 3386 4737 nostrae
3429 4662 3607 4734 Aca·

582 4783 847 4860 demiae
916 4786 1287 4863 adiunctus
1355 4796 1483 4864 est.
1600 4788 1739 4863 Hic
1804 4789 2109 4888 primum
2178 4787 2468 4887 logicam
2535 4796 2606 4861 et
2678 4784 3030 4861 historiam
3103 4779 3610 4882 philosophiae,
