4728 5991
1842 620 2405 692 onarra
2690 719 2697 727 ι
3550 625 3637 695 m

591 834 691 911 dii
734 832 941 909 boni!
993 856 1207 933 quam
1257 856 1331 907 se
1371 829 1522 932 ipse
1568 829 1640 907 in
1689 830 2038 931 praeclara
2081 829 2200 906 illa
2247 829 2336 905 de
2390 828 2682 905 Oratore
2726 828 3197 933 disputatione
3253 832 3637 934 superavit!

589 978 802 1055 quam
866 953 1049 1031 varie
1118 960 1192 1027 et
1262 951 1534 1052 copiose
1603 960 1676 1027 et
1740 952 2098 1029 enucleate
2163 951 2333 1027 artis
2392 950 2467 1025 in
2516 974 2657 1050 qua
2702 951 3084 1029 excellebat
3132 954 3473 1033 rationem
3520 980 3641 1031 ex-

587 1072 828 1175 ponit!
900 1094 1112 1172 quam
1172 1070 1518 1170 sapienter
1584 1068 1672 1145 de
1725 1075 1872 1146 tota
1921 1068 2051 1146 hac
2098 1067 2395 1145 oratoria
2442 1066 2773 1146 facultate
2822 1071 3128 1149 iudicat!
3196 1098 3413 1175 quam
3465 1073 3639 1150 divi-

587 1218 760 1270 num
811 1192 1093 1269 dicendi
1139 1190 1508 1268 artificium
1559 1187 1886 1265 adhibet!
1956 1194 2038 1262 ut
2054 1245 2075 1277 ,
2143 1186 2204 1262 si
2251 1186 2517 1285 reliqua
2562 1186 2715 1263 eius
2760 1212 2969 1289 opera
3018 1196 3361 1269 vetustate
3410 1191 3642 1269 deleta

589 1320 822 1391 essent
841 1372 862 1403 ,
911 1313 974 1389 si
1023 1336 1111 1389 ex
1152 1310 1315 1387 solis
1359 1308 1497 1384 illis
1548 1307 1742 1383 libris
1786 1306 1876 1384 de
1917 1308 2070 1383 eius
2110 1306 2393 1407 ingenio
2434 1312 2670 1406 posset
2698 1307 3047 1385 aestimari
3066 1366 3089 1399 ,
3140 1334 3371 1388 veram
3400 1319 3641 1389 tamen

591 1442 664 1511 et
736 1432 1030 1511 solidam
1092 1438 1166 1507 et
1229 1429 1633 1505 duraturam
1693 1426 1986 1527 gloriam
2049 1426 2334 1503 haberet
2396 1434 2608 1526 atque
2666 1427 3261 1507 excellentissimis
3320 1432 3641 1510 omnium

593 1560 903 1630 aetatum
949 1551 1267 1628 omnium
1313 1547 1632 1649 gentium
1685 1545 2140 1647 scriptoribus
2187 1545 2781 1625 adnumeraretur.

689 1672 834 1748 Sed
897 1696 1036 1771 qua
1103 1670 1178 1746 in
1243 1692 1320 1743 re
1339 1726 1360 1758 ,
1427 1693 1513 1744 ex
1583 1689 1724 1767 quo
1791 1666 2076 1743 Graecis
2138 1664 2385 1741 litteris
2434 1665 2695 1743 erudiri
2740 1667 2969 1768 coepti
3018 1667 3235 1747 simus
3254 1728 3277 1761 ,
3346 1672 3436 1749 de
3484 1678 3633 1749 tota

594 1798 904 1867 veterum
963 1788 1293 1866 orationis
1353 1786 1682 1863 facultate
1738 1786 2014 1863 acutius
2073 1792 2146 1859 et
2208 1784 2435 1861 verius
2484 1785 2790 1863 iudicare
2838 1787 3199 1866 videamur
3214 1849 3237 1883 ,
3287 1790 3462 1892 quid
3506 1815 3641 1893 ego
3726 1852 3735 1859 .

591 1912 812 1988 Vobis
828 1969 849 2000 ,
901 1909 1057 1985 AA.
1075 1968 1096 1998 ,
1145 1907 1219 1983 in
1275 1906 1570 2008 singulis
1623 1904 2072 2005 scriptoribus
2115 1904 2538 1980 ostendam?
2614 1907 3233 1985 Quemadmodum
3286 1910 3393 1987 vel
3438 1910 3644 1989 docta

592 2054 913 2107 moran
980 2026 1322 2129 elegantia
1385 2051 1514 2103 nos
1583 2026 1872 2125 quidem
1943 2048 2216 2125 semper
2257 2023 2593 2116 delectet,
2644 2033 2719 2105 at
2774 2051 3000 2103 unum
3054 2052 3433 2109 nonium
3481 2054 3645 2111 vera

594 2154 730 2245 ἔπη
776 2148 1167 2226 condidisse
1207 2156 1280 2222 et
1331 2171 1488 2222 vero
1533 2146 1827 2221 condere
1873 2145 2183 2245 potuisse
2220 2145 2815 2247 perspexerimus=
2866 2148 2973 2223 vel
3018 2171 3368 2226 ‘ranam-11
3412 2156 3637 2227 artem

592 2271 766 2348 lecte
819 2278 894 2345 et
944 2266 1208 2344 urbane
1258 2286 1727 2343 unumunurn
1776 2265 2028 2341 Latina
2073 2288 2237 2342 voce
2285 2265 2747 2341 convertentis
2788 2266 3116 2343 admirari
3160 2269 3448 2369 quidem
3498 2292 3645 2347 non

591 2388 1002 2466 desierimus
1023 2445 1044 2476 ,
1107 2387 1210 2462 ita
1266 2392 1502 2462 tamen
1567 2392 1648 2459 ut
1694 2382 2205 2483 intelligamus,
2274 2381 2413 2458 nisi
2455 2383 2613 2483 quis
2656 2366 2911 2461 unffet
2950 2386 3137 2463 illius
3187 2386 3643 2468 festivitatem

592 2516 664 2585 et
727 2506 1174 2584 sobrietatem
1221 2513 1294 2581 et
1341 2504 1722 2581 siccitatem
1742 2562 1763 2594 ,
1813 2510 1889 2579 et
1941 2524 2483 2579 anrsrornams
2526 2503 2705 2580 sales
2752 2512 2827 2581 et
2874 2505 3181 2607 leporem
3229 2514 3302 2584 et
3348 2506 3645 2585 effusam

591 2628 866 2705 ridendi
929 2624 1279 2703 licentiam
1341 2624 1621 2725 cognita
1679 2622 2100 2725 penitusque
2158 2629 2519 2723 perspecta
2560 2622 2817 2701 habeat
2834 2681 2857 2714 ,
2922 2649 3244 2703 mancam
3294 2650 3461 2703 eum
3502 2626 3637 2705 im·

593 2747 1111 2849 perfectamque
1181 2744 1562 2846 quamdam
1628 2742 2024 2820 comoediae
2091 2742 2395 2845 speciem
2440 2741 2734 2821 intueri:
2799 2743 2969 2821 haec
3022 2750 3098 2823 et
3139 2745 3277 2823 alia
3320 2744 3639 2823 eiusdem

589 2868 870 2970 generis
919 2867 1073 2943 fuse
1120 2864 1398 2965 lateque
1446 2863 1803 2966 disputare
1851 2863 2136 2964 longam
2182 2862 2566 2940 orationem
2612 2862 2923 2965 requirit.

688 2989 933 3089 Atque
988 3011 1146 3064 vero
1195 3011 1446 3064 causae
1499 3011 1712 3087 quam
1765 2982 2040 3086 suscepi
2087 2984 2258 3062 satis
2301 2984 2445 3060 iam
2494 2982 2757 3061 factum
2804 3009 2957 3062 esse
3011 2983 3289 3066 videtur
3335 2986 3647 3091 satisque

597 3109 900 3187 refutata
943 3131 1188 3184 eorum
1229 3105 1466 3207 opinio
1508 3105 1634 3207 qui
1650 3163 1673 3196 ‚
1721 3105 1866 3182 sive
1917 3103 2238 3206 imperite
2289 3103 2433 3181 sive
2476 3103 2715 3205 inique
2760 3103 2851 3182 de
2890 3111 3129 3185 nostra
3170 3113 3397 3186 aetate
3436 3110 3645 3187 aesti-

597 3237 870 3308 mantes
891 3288 914 3322 ,
981 3226 1206 3304 deseri
1272 3234 1583 3303 veterum
1645 3225 2032 3303 litterarum
2084 3223 2401 3302 studium
2444 3231 2834 3326 queruntur
2875 3233 3001 3303 aut
3044 3226 3423 3329 aliquando
3478 3253 3647 3308 cum

598 3352 857 3427 maiore
921 3345 1376 3424 humanitatis
1438 3345 1675 3423 fructu
1739 3345 2096 3422 excultum
2160 3343 2378 3420 fuisse
2442 3349 2785 3424 statuunt.
2885 3345 3076 3424 Nam
3122 3345 3187 3424 si
3238 3371 3485 3428 verum
3535 3355 3649 3428 est

597 3493 725 3545 nos
763 3491 993 3568 neque
1031 3463 1468 3564 intelligendi
1502 3487 1730 3564 neque
1765 3462 2122 3540 iudicandi
2159 3461 2488 3539 facultate
2523 3463 2705 3543 vinci
2720 3522 2743 3556 ,
2794 3464 2968 3566 quid
2992 3465 3129 3544 illis
3154 3474 3475 3569 superest
3498 3493 3641 3570 quo

599 3587 1043 3666 temerarium
1084 3583 1422 3693 iudicium
1459 3583 1568 3660 vel
1605 3583 1920 3683 iniquam
1956 3581 2557 3684 reprehensionem
2598 3584 2829 3684 aliqua
2870 3585 3137 3664 ratione
3176 3587 3588 3664 confirment
3608 3587 3647 3664 Ρ

699 3945 978 4022 Videtis
996 4002 1017 4034 ,
1089 3943 1246 4019 AA.
1265 4000 1286 4032 ,
1358 3942 1458 4018 ita
1519 3965 1633 4018 me
1701 3939 1882 4017 hanc
1947 3939 2419 4017 defensionem
2490 3937 2865 4016 absolvisse
2884 3995 2907 4028 ,
2982 3947 3064 4016 ut
3135 3943 3647 4042 praemunirem

607 4063 1123 4168 quodammodo
1187 4062 1265 4137 id
1333 4060 1525 4163 quod
1585 4061 1786 4136 initio
1846 4059 2020 4137 mihi
2071 4059 2559 4160 explicandum
2606 4059 2975 4160 proposui,
3038 4085 3448 4143 mansurum
3494 4091 3649 4144 esse

608 4187 1056 4285 antiquarum
1091 4181 1476 4258 litterarum
1523 4180 1837 4258 studium
1881 4187 2094 4280 atque
2135 4178 2572 4257 duraturum.
2672 4179 2956 4258 Etenim
3007 4181 3069 4257 si
3116 4183 3449 4285 sapientis
3494 4210 3649 4264 esse

607 4327 971 4384 censemus
1035 4301 1123 4377 de
1188 4301 1423 4376 futuro
1480 4324 1568 4376 ex
1620 4298 1972 4400 praesenti
2011 4298 2377 4376 aestimare
2422 4324 2651 4401 neque
2698 4300 2913 4378 ullius
2960 4301 3130 4380 mali
3173 4307 3653 4406 expectatione

610 4422 870 4501 moveri
887 4481 908 4512 ,
971 4420 1107 4497 nisi
1152 4421 1354 4496 cuius
1402 4419 1821 4521 principium
1868 4426 2116 4496 natum
2162 4443 2316 4496 esse
2363 4425 2437 4496 et
2478 4421 2766 4524 gliscere
2808 4421 3102 4512 sentiat,
3168 4422 3231 4498 si
3276 4424 3455 4502 illud
3502 4435 3651 4505 stu-

611 4545 812 4620 dium
885 4540 1020 4618 coli
1092 4539 1298 4616 hodie
1367 4548 1582 4641 atque
1641 4539 1886 4616 florere
1944 4539 2260 4616 videmus
2282 4598 2308 4630 ‚
2370 4540 2546 4616 nihil
2590 4542 2897 4644 profecto
2944 4551 3052 4619 est
3069 4601 3092 4633 ,
3156 4567 3371 4644 quare
3417 4549 3652 4648 potius

611 4687 705 4739 ne
761 4661 951 4738 idem
1017 4683 1182 4736 mox
1255 4659 1572 4736 relictum
1639 4658 1969 4760 languere
2026 4658 2314 4760 incipiat
2381 4669 2776 4741 metuamus
2795 4722 2816 4754 ,
2884 4685 3099 4764 quam
3168 4662 3257 4740 de
3316 4673 3653 4767 perpetua

615 4781 770 4859 eins
815 4779 1038 4858 salute
1085 4779 1265 4855 bene
1313 4802 1692 4880 speremus.

3266 4905 3313 4980 7
