4728 5991
1333 627 1846 695 PROGRAMMA
1897 627 2387 696 CERTAMINIS
2436 627 2873 694 LITERARII.
3546 627 3633 695 37

979 863 1111 938 AB
1161 861 1288 936 ΟΒ
1301 859 1540 936 DINE
1588 859 2324 936 PHILOSOPHIAE
2372 857 3063 934 THEORETICAE
3110 859 3235 934 ΕΤ

1429 979 2012 1058 LITERARUM
2060 981 2784 1057 HUMANIORUM.

2043 1202 2184 1276 ΙΙΙ.

693 1441 1018 1522 Quoniam
1083 1442 1251 1516 utile
1306 1449 1412 1518 est
1461 1445 1812 1519 attendere
1865 1443 1940 1515 in
1987 1443 2134 1539 imo
2184 1442 2649 1516 laudatissimo
2693 1463 2947 1536 qenere
2998 1439 3417 1538 eloquentiae
3472 1438 3631 1512 Pul-

581 1560 848 1649 lianae,
933 1562 1000 1634 si
1075 1563 1248 1661 quid
1329 1563 1404 1636 in
1475 1565 1568 1640 iis
1638 1564 2076 1637 monumentis
2137 1587 2316 1661 quae
2384 1565 2744 1661 supersunt
2811 1559 3351 1656 deprehendatur
3370 1615 3391 1647 ‚
3458 1559 3643 1660 quod

584 1682 896 1778 deflectat
957 1681 1046 1756 ab
1116 1704 1194 1756 eo
1251 1685 1436 1782 quod
1463 1685 1686 1766 ,decet
1701 1740 1722 1771 ,
1793 1690 1918 1756 aut
1983 1683 2214 1755 inanis
2283 1687 2355 1755 et
2414 1681 2767 1779 quaesitae
2813 1681 3187 1754 venustatis
3232 1680 3495 1754 nomine
3542 1680 3641 1754 sit

581 1801 938 1874 notandum
960 1856 981 1888 ‚
1052 1802 1460 1900 eolliqantur
1522 1811 1592 1878 et
1643 1804 2179 1878 demonstrentur
2225 1801 2423 1874 leuius
2463 1801 2743 1899 qeneris
2770 1805 3060 1896 peecata
3106 1799 3179 1871 in
3234 1797 3633 1873 Clcssnoms

593 1919 1032 1996 Orationibus
1049 1979 1070 2010 ‚
1113 1925 1418 1999 ‚omissis
1492 1925 1924 1999 Catilinariis
1942 1980 1963 2012 ,
2023 1930 2094 1997 et
2155 1923 2460 2003 Quatuor
2488 1929 2657 2019 post
2706 1919 3035 1994 Reditum
3057 1977 3078 2008 ,
3128 1927 3201 1995 et
3240 1921 3591 1995 Archiana
3613 1978 3634 2010 ,

582 2045 652 2112 et
695 2038 1187 2116 Marcelliano.

2038 2181 2164 2257 IV.

697 2399 954 2480 Quibus
1017 2402 1356 2476 institutis
1423 2399 1789 2497 Principes
1848 2425 1888 2474 e
1934 2408 2143 2499 qente
2203 2407 2338 2473 tum
2416 2397 2861 2498 Burqundiea
2912 2407 3049 2473 tum
3096 2401 3463 2474 Austriaca
3518 2401 3638 2475 boc

599 2519 900 2595 obtinere
965 2523 1193 2595 eonati
1252 2527 1445 2608 sunt,
1495 2526 1574 2593 ut
1623 2543 1760 2593 una
1805 2521 2171 2620 eademque
2222 2525 2293 2593 et
2317 2520 2689 2617 potestatis
2731 2521 3144 2594 ewercendae
3182 2527 3253 2594 et
3300 2521 3476 2596 iuris
3525 2523 3641 2597 de-

571 2638 877 2734 finiendi
923 2638 1284 2735 disciplina
1333 2659 1556 2712 omnes
1583 2639 1982 2736 provincias
2029 2636 2529 2712 Neerlandicas
2574 2637 3139 2736 complecteretur.

691 2757 1203 2848 (Gescbiedenis
1268 2759 1392 2832 der
1455 2757 1912 2856 maatreqelen
1933 2812 1954 2844 ,
2004 2757 2168 2830 door
2223 2757 2309 2830 de
2360 2756 2913 2855 Bourqondisclae
2958 2781 3041 2831 en
3096 2756 3639 2854 Oostenrijlcscbe

789 2879 1232 2954 landsheeren
1290 2902 1619 2979 ‚qeno-men
1637 2935 1658 2966 ,
1729 2902 1830 2952 om
1901 2901 2084 2952 meer
2135 2876 2427 2951 eenheid
2469 2878 2541 2950 in
2594 2877 2711 2955 het
2756 2879 3027 2956 bestuur
3071 2903 3153 2954 en
3198 2879 3273 2953 in
3324 2880 3410 2955 de
3455 2886 3638 2980 νεμέ-

779 3001 1036 3098 spraak
1083 3002 1206 3075 der
1253 2989 1740 3077 Nederlanden
1788 3006 1858 3075 te
1904 3000 2252 3098 brenqen.)

1479 3219 1610 3293 AB
1662 3217 2040 3294 ORDINE
2088 3216 2718 3293 MEDICORUM.

2071 3411 2156 3489 V.

691 3600 1138 3675 Instrumenti
1199 3600 1762 3699 spbquoqraplci
1784 3656 1805 3687 ,
1873 3625 1920 3673 a
1971 3600 2350 3673 doctissimo
2406 3619 2661 3671 MAREY
2708 3599 2783 3671 in
2836 3622 3019 3673 usum
3064 3602 3285 3675 vocati
3304 3657 3325 3688 ,
3374 3602 3633 3675 auoeilio

595 3744 764 3795 nova
811 3720 1260 3795 instituantur
1311 3721 1770 3817 euperimenta
1788 3776 1809 3807 ,
1876 3744 1954 3793 eo
1999 3719 2274 3793 consilio
2319 3724 2398 3791 ut
2438 3725 2575 3791 tum
2627 3743 2713 3793 eoe
2758 3719 2899 3806 bis,
2950 3726 3085 3793 tum
3134 3744 3221 3794 en
3261 3720 3631 3795 observatis

591 3840 872 3915 aliorum
953 3842 1282 3939 efficiatur
1299 3897 1320 3928 ,
1391 3866 1583 3942 quem
1639 3862 1834 3913 usum
1885 3838 2054 3913 haee
2102 3839 2505 3935 euplorandi
2560 3841 2743 3911 ratio
2787 3841 2863 3910 in
2917 3838 3249 3914 solvendis
3294 3844 3631 3939 quaestio-

593 3958 786 4033 nibus
813 3960 1305 4059 pkysioloqieis
1322 4016 1343 4048 ,
1414 3961 1515 4034 ad
1550 3958 1904 4058 sanquinis
1953 3965 2023 4032 et
2067 3946 2373 4032 vasorum
2434 3957 2787 4031 historiam
2822 3959 3326 4056 pertinentibus
3342 4019 3365 4053 ,
3415 3962 3633 4039 adbuc

594 4076 906 4153 babuerit
951 4086 1074 4153 aut
1117 4080 1192 4154 in
1221 4087 1570 4177 posterum
1601 4080 2038 4177 polliceatur.

1562 4296 1692 4369 AB
1744 4294 2120 4371 ORDINE
2170 4294 2648 4372 IURIDICO.

2050 4490 2152 4564 VJ
2161 4549 2177 4568 .

688 4674 1108 4750 Instituatur
1172 4677 1556 4777 disquisitio
1621 4678 1708 4751 de
1773 4701 1936 4752 aere
1998 4676 2432 4751 Malaoitano
2489 4682 2561 4751 et
2618 4678 3039 4777 Salpensano
3060 4736 3081 4768 ,
3156 4682 3262 4755 ita
3312 4688 3389 4755 ut
3426 4680 3633 4756 simul

601 4803 974 4893 appareat,
1024 4797 1196 4897 quid
1230 4798 1591 4890 conserant
1639 4796 1739 4869 ad
1781 4795 2194 4871 illustranda
2238 4796 2570 4893 quaedam
2610 4794 2807 4871 Iuris
2856 4796 3155 4871 Romani
3196 4798 3533 4872 instituta.
