4728 5991
1853 562 2412 633 ORATIO.
3522 566 3654 635 121

602 774 767 855 culti
782 832 805 865 ‚
877 772 1399 874 disciplinarum
1476 770 1729 847 studiis
1803 794 2053 872 parum
2120 769 2267 871 apti
2328 770 2598 847 civibus
2659 771 3072 849 academicis
3145 772 3652 853 adscribantur.

604 897 817 977 Quod
886 894 947 971 si
1020 893 1283 969 factum
1346 890 1555 968 fuerit
1574 950 1595 981 ,
1664 889 1953 966 mutatis
2019 889 2376 966 mutandis
2395 948 2416 980 ‚
2469 889 2862 967 academica
2909 890 3340 969 medicorum
3389 894 3654 971 exami-

603 1018 795 1093 natio
844 1022 1109 1091 tantam
1160 1012 1429 1089 civibus
1479 1010 1919 1089 securitatem
1960 1009 2357 1110 promittet,
2405 1016 2740 1110 quantam
2787 1010 2928 1087 ulla
2971 1012 3290 1112 probatio
3342 1014 3584 1113 possit.

702 1136 1073 1235 Superest,
1142 1141 1226 1207 ut
1273 1130 1877 1231 amplificationem
1930 1129 2462 1205 universitatum
2504 1131 2986 1208 commendem
3033 1133 3127 1208 ad
3168 1132 3654 1209 vindicandam

607 1264 677 1331 et
720 1278 881 1331 vero
927 1252 1421 1354 perficiendam
1461 1250 1877 1326 medicinam
1916 1249 1989 1325 in
2032 1236 2253 1349 patria
2298 1258 2532 1325 nostra
2573 1275 2910 1351 perquam
2952 1252 3430 1328 necessariam.
3491 1254 3658 1329 Non

608 1376 817 1451 talem
886 1374 1041 1449 volo
1062 1432 1083 1463 ,
1159 1396 1301 1472 qua
1349 1369 1457 1445 vel
1510 1369 1931 1469 duplicando
1983 1371 2091 1444 vel
2139 1370 2351 1445 etiam
2404 1369 2815 1469 triplicando
2867 1371 3268 1447 docentium
3321 1396 3654 1463 numero,

606 1496 1117 1570 Germanorum
1176 1491 1609 1589 aliorumque
1674 1488 1765 1565 ad
1833 1490 2232 1589 exemplum
2250 1547 2271 1579 ,
2343 1513 2486 1590 una
2551 1490 2759 1565 modo
2815 1490 3110 1592 singulis
3181 1492 3660 1568 committatur

608 1613 991 1713 disciplina.
1063 1611 1223 1686 Hoc
1264 1610 1453 1686 enim
1500 1633 1663 1685 cum
1708 1608 1799 1685 ad
1845 1608 1961 1709 pia
2001 1616 2159 1684 vota
2193 1608 2413 1683 refero
2456 1608 2546 1683 de
2585 1609 2888 1709 perfecta
2927 1610 3394 1687 universitatis
3433 1612 3660 1711 specie

610 1732 1103 1811 somniantium
1127 1790 1148 1820 ,
1197 1738 1353 1807 tum
1406 1754 1563 1805 vero
1605 1728 1891 1805 minoris
1941 1728 2117 1805 mihi
2160 1728 2384 1829 frugis
2432 1727 2576 1803 fore
2622 1729 2934 1821 videtur,
2980 1756 3194 1832 quam
3245 1732 3454 1831 vulgo
3507 1732 3662 1832 qui-

610 1856 771 1931 dem
845 1859 1154 1954 putatur.
1256 1850 1475 1926 Haud
1550 1874 1716 1925 sane
1788 1848 2047 1925 infitior
2067 1906 2088 1938 ,
2163 1848 2237 1921 in
2301 1849 2682 1927 Academia
2751 1856 2900 1927 tam
2977 1852 3208 1953 ample
3285 1852 3665 1929 constituta

608 1972 903 2075 singulis
976 1969 1357 2070 disciplinis
1412 1970 1572 2068 plus
1628 1992 1875 2069 operae
1926 1966 2141 2043 tribui
2190 1992 2396 2067 posse
2447 1992 2660 2068 quam
2714 1970 2842 2045 ubi
2887 1970 3158 2047 diversa
3205 1971 3502 2047 docendi
3547 1995 3670 2047 ne-

606 2094 930 2171 cessitate
984 2090 1243 2193 singuli
1284 2089 1699 2190 professores
1746 2088 1981 2164 obruti
2032 2096 2235 2178 sunt;
2288 2096 2363 2163 at
2411 2113 2568 2164 vero
2619 2114 2748 2165 nec
2793 2097 3106 2183 constat,
3158 2092 3506 2167 tributum
3543 2092 3629 2166 iri
3646 2150 3667 2182 ,

606 2238 735 2289 nec
802 2211 1001 2287 facile
1064 2208 1421 2310 negaveris
1439 2266 1461 2300 ‚
1532 2210 1741 2285 etiam
1793 2208 2081 2284 obrutos
2127 2208 2283 2283 illos
2338 2208 2690 2309 duplicata
2742 2217 3078 2309 tanquam
3127 2208 3471 2287 industria
3517 2220 3670 2287 tan-

608 2342 763 2409 tum
835 2356 1039 2429 saepe
1106 2329 1577 2431 praestitisse,
1648 2332 1992 2428 quantum
2066 2327 2183 2404 alii
2247 2334 2602 2427 praestent
2680 2329 2914 2405 minus
2983 2331 3346 2431 negotiosi.
3473 2332 3671 2411 Quid

610 2452 801 2553 quod
872 2449 1291 2526 discentium
1360 2450 1691 2531 interesse
1744 2448 2003 2549 possit,
2072 2455 2154 2523 ut
2206 2446 2440 2546 plures
2492 2446 2896 2547 disciplinae
2947 2450 3036 2525 ab
3090 2475 3232 2525 uno
3279 2452 3664 2549 eodemque

608 2576 1049 2671 praeceptore
1118 2569 1499 2647 tradantur.
1614 2568 1974 2668 Sapienter
1993 2626 2014 2658 ,
2092 2575 2173 2643 ut
2238 2567 2370 2641 hoc
2438 2574 2596 2643 utar
2613 2624 2634 2657 ‚
2709 2568 2986 2645 clinices
3065 2569 3436 2670 professori
3500 2594 3664 2645 cum

612 2690 925 2792 therapia
986 2689 1301 2791 specialis
1374 2688 1871 2779 demandatur,
1938 2696 2091 2763 tum
2140 2687 2352 2765 etiam
2401 2688 2946 2767 medicaminum
2993 2690 3264 2766 virtutis
3313 2714 3664 2790 exponen-

614 2811 745 2889 dae
808 2810 1180 2910 provincia.
1282 2809 1481 2887 Haec
1544 2809 1732 2887 enim
1788 2817 1861 2885 et
1918 2808 2037 2887 illa
2055 2866 2077 2900 ‚
2138 2833 2319 2909 quae
2369 2808 2740 2885 salutarem
2779 2809 3002 2910 ipsam
3049 2818 3270 2887 artem
3315 2820 3666 2911 spectant,

614 2929 674 3008 si
752 2930 1044 3006 diversis
1114 2928 1685 3019 committuntur,
1755 2952 2057 3030 magnus
2124 2927 2412 3006 omnino
2479 2933 2709 3006 metus
2769 2936 2906 3020 est,
2967 2952 3058 3006 ne
3117 2930 3671 3032 discrepantibus

612 3050 1059 3151 opinionibus
1124 3051 1225 3126 ita
1291 3049 1808 3127 confundantur
1878 3051 2210 3140 studiosi,
2270 3049 2590 3126 clinicam
2661 3057 2742 3125 ut
2794 3050 3302 3128 institutionem
3357 3061 3480 3129 aut
3525 3075 3671 3128 non

612 3169 1009 3272 intelligant
1076 3177 1202 3246 aut
1270 3170 1465 3270 parvi
1534 3169 1837 3260 ducant,
1904 3169 2291 3246 certissimo
2370 3167 2668 3244 civitatis
2745 3170 3182 3250 detrimento.
3283 3172 3674 3273 Reputanti

616 3313 815 3380 vero,
882 3297 1181 3390 quantos
1198 3349 1221 3381 ‚
1288 3297 1371 3366 ut
1434 3298 1701 3366 ceterae
1722 3349 1743 3380 ,
1814 3289 1911 3366 sic
1972 3291 2283 3367 medicae
2358 3314 2642 3390 quoque
2707 3290 3111 3390 disciplinae
3173 3291 3306 3368 hoc
3369 3293 3672 3368 maxime

616 3410 891 3486 saeculo
938 3435 1345 3512 progressus
1388 3409 1675 3486 fecerint
1692 3467 1715 3500 ‚
1760 3409 2019 3509 quibus
2062 3410 2396 3486 nimirum
2439 3409 2704 3486 factum
2751 3410 2841 3486 sit
2859 3469 2880 3501 ,
2929 3420 3012 3487 ut
3061 3419 3132 3486 et
3173 3411 3545 3512 histologia
3600 3419 3672 3488 et

616 3529 1052 3630 pathologica
1069 3589 1091 3619 ,
1139 3556 1321 3630 quae
1362 3529 1655 3620 dicitur,
1700 3537 2023 3606 anatome
2046 3588 2065 3619 ,
2108 3538 2182 3606 et
2218 3529 2808 3632 ophthalmologia
2845 3539 2918 3606 et
2955 3530 3091 3608 alia
3120 3532 3303 3608 tradi
3329 3532 3668 3622 debeant,

618 3647 704 3724 de
772 3647 1035 3749 quibus
1092 3649 1168 3724 in
1236 3649 1464 3750 Regio
1523 3650 1799 3726 decreto
1818 3709 1839 3740 ,
1894 3650 2084 3751 quod
2136 3650 2596 3727 institutionis
2646 3651 3017 3750 superioris
3063 3651 3206 3726 sive
3253 3650 3668 3726 fundamen-

622 3775 771 3844 tum
822 3768 967 3844 sive
1012 3789 1324 3844 normam
1380 3767 1691 3845 continet
1708 3828 1729 3858 ,
1778 3769 1955 3845 nihil
1993 3795 2274 3871 prorsus
2319 3770 2822 3870 praescriptum
2867 3777 3012 3859 est,
3063 3769 3468 3870 augendum
3515 3794 3668 3846 esse

622 3887 1017 3964 docentium
1060 3912 1435 3964 numerum
1454 3946 1475 3977 ‚
1532 3889 1799 3965 nemini
1842 3914 1981 3966 non
2029 3889 2474 3990 perspicuum
2535 3887 2688 3964 erit.

716 4007 1007 4084 Maioris
1050 4015 1291 4084 autem
1333 4008 1767 4086 necessitatis
1812 4036 1971 4087 cum
2018 4035 2260 4086 eorum
2305 4017 2412 4084 est
2453 4011 2908 4109 augmentum
2929 4065 2950 4098 ‚
2997 4007 3259 4108 quibus
3313 4015 3670 4086 anatomes

618 4126 938 4227 indigent
985 4136 1057 4204 et
1098 4128 1568 4228 physiologiae
1614 4129 2029 4229 professores
2049 4189 2070 4221 ‚
2124 4137 2280 4206 tum
2316 4128 2526 4204 etiam
2570 4128 3046 4230 pathologicae
3086 4137 3158 4206 et
3185 4155 3346 4206 vero
3386 4131 3672 4206 clinicae

618 4245 1079 4322 institutionis
1122 4253 1495 4348 apparatus
1540 4255 1611 4322 et
1652 4248 1998 4326 materiae.
2100 4250 2448 4325 Accurata
2488 4247 2788 4347 corporis
2835 4247 3126 4326 humani
3173 4250 3420 4326 notitia
3455 4251 3674 4326 totius

622 4367 1005 4444 medicinae
1058 4367 1261 4468 quasi
1306 4367 1844 4446 fundamentum
1894 4374 2021 4444 est.
2120 4369 2376 4468 Itaque
2427 4365 2828 4445 hominibus
2879 4393 3054 4468 opus
3099 4379 3208 4446 est
3253 4353 3414 4448 cum
3458 4370 3629 4446 vivis
3649 4427 3670 4460 ,

626 4493 779 4563 tum
836 4486 1049 4564 etiam
1100 4487 1394 4564 mortuis
1414 4545 1437 4578 ‚
1506 4513 1682 4588 quos
1734 4487 2147 4588 perscrutari
2194 4488 2466 4587 possint
2513 4486 2896 4564 medicinae
2945 4489 3261 4568 studiosi.
3365 4491 3672 4566 Cadave-

622 4629 781 4682 rum
850 4605 1073 4696 eheu,
1143 4606 1391 4682 talium
1460 4615 1645 4684 certe
1663 4666 1684 4697 ,
1752 4631 1933 4708 quae
1986 4607 2237 4684 studiis
2282 4607 2612 4683 inservire
2659 4609 2930 4708 possint
2977 4611 3386 4686 anatomicis
3407 4667 3428 4700 ‚
3481 4615 3676 4683 tanta

622 4725 868 4826 patriis
941 4727 1015 4802 in
1083 4726 1485 4804 Academiis
1554 4736 1663 4804 est
1730 4728 2021 4828 penuria
2038 4786 2059 4818 ‚
2119 4726 2296 4803 nihil
2358 4735 2442 4804 ut
2501 4727 2860 4828 antiquius
2929 4753 3084 4806 esse
3147 4729 3397 4806 debeat
3464 4752 3678 4828 quam

3240 4850 3332 4924 16
