4728 5991
1602 830 3350 953 ORDOLEOTIONUM

2274 1076 2694 1122 nummum

1038 1279 1175 1361 IN
1256 1272 1971 1357 ILLUSTRI
2052 1268 2992 1353 DAVENTRIAE
3067 1267 3893 1370 ATHENAEO,

1168 1506 1229 1559 A.
1244 1505 1309 1559 D.
1334 1503 1507 1556 xxm
1530 1501 1703 1555 SEPT.
1728 1500 1791 1552 A.
1808 1497 2249 1550 CIOIOCCCLXII
2264 1495 2484 1563 USQUE
2509 1495 2600 1547 AD
2614 1495 2846 1546 FERIAS
2870 1494 3176 1547 smnus
3191 1495 3252 1547 A.
3275 1492 3770 1558 ommonem,

1734 1683 2077 1756 Rnoroan
2126 1681 2384 1754 MAoN.
2435 1681 2497 1754 Ι.
2548 1678 2754 1753 VAN
2803 1677 3212 1754 VLOTEN.

955 2169 1009 2230 1.
1046 2169 1217 2228 VAN
1259 2165 1583 2226 VLOTEN
1595 2209 1614 2238 ,
1662 2155 1889 2229 'l‘heoL
1913 2155 2113 2228 Doct.
2135 2211 2155 2241 ‚
2190 2155 2363 2227 Isitt.
2391 2153 2764 2228 Neerland.
2793 2161 2862 2228 et
2887 2152 3074 2224 Hist.
3101 2151 3398 2228 Patriae
3421 2150 3598 2225 ,Pro-

1031 2277 1271 2370 fessor
1289 2329 1309 2360 ,
1373 2271 1441 2346 h.
1497 2277 1549 2344 t.
1576 2273 1859 2345 ‘Rector
1924 2273 2342 2369 Maynfficus
2359 2326 2380 2356 ‚
2443 2269 2828 2342 Historiam
2875 2268 3136 2368 patriae
3183 2269 3412 2343 tradet
3457 2269 3599 2344 die·

1045 2393 1183 2467 bus
1224 2392 1467 2465 Lunae
1486 2448 1506 2478 ‚
1556 2389 1807 2464 Martis
1855 2395 1927 2464 et
1974 2389 2345 2476 Mercurii,
2395 2388 2568 2462 hora
2618 2443 3586 2466 ..............
3844 2390 3980 2468 ῙΧ.

1146 2508 1687 2584 Grammaticam
1727 2517 1799 2581 et
1834 2507 2134 2582 Litteras
2176 2508 2248 2580 N
2249 2507 2668 2581 eerlandicas
2707 2513 2779 2581 et
2821 2513 3186 2604 praecepta
3227 2507 3384 2581 stili
3423 2508 3601 2584 bene

1238 2627 1680 2702 Neerlandici
1715 2625 1991 2700 docebit
2020 2625 2268 2700 diebus
2302 2624 2550 2699 Lunae
2566 2683 2586 2713 ‚
2637 2625 2888 2699 Martis
2917 2633 2988 2698 et
3016 2625 3385 2714 Mercurii,
3427 2628 3596 2702 hora
3807 2628 3982 2705 XII.

1141 2747 1489 2822 Exercitia
1534 2745 1829 2820 oratoria
1867 2753 1937 2818 et
1988 2745 2303 2819 stilistica
2342 2743 2817 2818 moderabitur
2855 2743 2968 2818 die
3007 2742 3250 2819 Lunae
3291 2753 3364 2819 et
3407 2746 3596 2820 Mer·

1240 2865 1454 2954 curii,
1504 2865 1674 2939 hora
1746 2916 2999 2941 ..................
3029 2908 3034 2910 -
3058 2919 3584 2939 ........
3920 2869 3986 2944 Ι.

1145 2983 1685 3060 Grammaticam
1737 2981 2106 3057 Gothicam
2164 2988 2235 3057 et
2287 2979 2830 3057 Grammaticam
2876 2981 3278 3081 litterasque
3331 2984 3596 3084 Anglo-

1245 3104 1601 3179 saxonicas
1650 3102 2191 3202 provectioribus
2226 3102 2455 3177 tradet
2474 3159 2494 3190 ‚
2545 3101 2730 3175 horis
2770 3126 2930 3177 cum
2969 3102 3405 3177 auditoribus
3437 3128 3598 3179 con·

1240 3222 1616 3297 veniendis.

1144 3340 1477 3416 Privatim
1515 3339 1855 3437 explicare
1896 3338 2330 3414 continuabit
2369 3338 2555 3412 varia
2597 3346 2882 3435 poeseos
2919 3338 3414 3415 Neerlandicae
3443 3366 3593 3441 spe·

1243 3458 1536 3545 cimina,
1586 3457 1753 3530 hora
1800 3458 2235 3532 auditoribus
2282 3457 2664 3532 commoda.

1142 3579 1505 3653 Lectiones
1575 3576 1891 3675 publicas
1965 3576 2251 3651 habebit
2269 3635 2289 3665 ‚
2367 3586 2672 3675 tempore
2743 3575 3032 3650 hiberno
3052 3635 3072 3665 ‚
3136 3579 3303 3653 hora
3353 3585 3425 3653 et
3475 3578 3588 3653 die

1186 3696 1191 3701 ’
1239 3705 1480 3795 postea
1523 3695 1935 3769 indicandis.
2739 3769 2746 3777 ,

1142 3816 1472 3913 Logicam
1522 3814 1797 3887 docebit
1846 3814 2095 3889 diebus
2144 3814 2386 3888 Lunae
2433 3820 2506 3887 et
2551 3812 2801 3887 Martis
2820 3870 2840 3900 ‚
2893 3812 3062 3887 hora
3135 3869 3588 3888 .......
3881 3816 3980 3892 ΙΙ.

944 3946 1013 4009 Ρ.
1049 3945 1444 4016 BOSSCHA,
1485 3932 1675 4007 Phil.
1735 3935 1974 4008 Plaeor.
2026 3936 2220 4033 May.
2269 3934 2444 4006 Isitt.
2493 3932 2704 4005 Hum.
2731 3940 2805 4006 et
2831 3932 2982 4005 [τιν.
3025 3932 3324 4031 Utriusq.
3353 3932 3592 4020 Doct„

1047 4054 1255 4146 Prof.
1326 4054 1723 4125 honorarius
1739 4110 1759 4140 ‚
1821 4052 2207 4125 Historiam
2269 4049 2714 4145 recentiorem
2764 4058 2887 4124 aut
2933 4049 3240 4147 aliquam
3287 4058 3594 4125 veterum

1046 4171 1399 4245 literarum
1467 4178 1735 4268 partem
1794 4170 2046 4243 lubens
2105 4168 2661 4242 desiderantibus
2713 4167 3123 4268 explicabit,
3188 4169 3376 4243 horis
3435 4192 3598 4243 cum

1042 4286 1476 4363 auditoribus
1521 4287 2028 4363 conveniendis.

1141 4407 1503 4479 Praeterea
1542 4405 1869 4480 lectiones
1905 4404 2218 4505 publicas
2260 4402 2548 4477 habebit
2585 4402 2672 4475 de
2716 4401 2949 4499 aliquo
2991 4403 3311 4477 historiae
3347 4404 3590 4503 capite.

941 4536 997 4597 1.
1036 4534 1427 4595 DUYMAEB
1465 4533 1632 4593 VAN
1674 4534 1955 4605 TWIST,
2020 4524 2175 4596 Iur.
2244 4522 2443 4596 Rom.
2511 4530 2583 4597 et
2649 4521 2996 4595 Hodierni
3060 4524 3358 4611 Doctor,
3433 4524 3586 4600 Iur.

1042 4642 1411 4737 Professor
1427 4697 1449 4728 ‚
1520 4641 2003 4715 Institutiones
2062 4640 2526 4716 Iustinianeas
2579 4639 2950 4740 explicabit
3007 4640 3256 4714 diebus
3305 4639 3548 4715 Lunae
3567 4697 3589 4728 ‚

1040 4759 1291 4834 Martis
1309 4816 1329 4846 ‚
1378 4758 1709 4833 Mercurii
1756 4768 1829 4832 et
1874 4760 2057 4833 Iovis
2077 4817 2097 4847 ‚
2147 4758 2315 4833 hora
2389 4815 2406 4835 .
2473 4813 3579 4836 ................
3879 4756 3976 4833 X.
