4728 5991
1819 579 2389 648 ORATIO.
3504 587 3627 652 111

575 787 1044 864 informarunt
1083 787 1490 888 peritosque
1517 787 1950 887 discipulos,
1997 795 2072 862 et
2115 787 2390 887 seriptis
2440 786 2646 862 editis
2691 795 2979 866 cunctas
3032 797 3105 866 et
3156 790 3465 891 singulas
3522 789 3628 866 di-

575 909 902 1008 sciplinae
967 915 1196 1007 partes
1218 965 1240 995 ,
1307 931 1434 1006 pro
1491 933 1620 984 sua
1663 908 1960 1007 quisque
2005 908 2272 984 ratione
2291 966 2312 996 ,
2368 914 2440 983 et
2490 907 2927 985 vindicarunt
2972 918 3043 984 et
3092 935 3251 986 vero
3294 933 3623 1009 provexe-

577 1037 764 1104 runt.
831 1028 1046 1106 Quod
1085 1034 1178 1102 ut
1227 1027 1616 1102 luculenter
1661 1033 2034 1128 appareat,
2081 1027 2437 1104 annalium
2488 1028 2894 1104 memoriam
2935 1029 3370 1129 replicemus,

673 1148 886 1222 Pulsa
953 1147 1170 1222 medii
1234 1147 1388 1222 aevi
1450 1147 1766 1222 barbarie
1785 1207 1805 1236 ,
1873 1149 2086 1224 etiam
2133 1155 2298 1223 ante
2347 1147 2697 1222 conditam
2748 1148 3195 1224 Academiam
3242 1149 3628 1248 Lugduno·

575 1269 908 1342 Batavam
937 1325 956 1356 ‚
1045 1266 1350 1342 celebres
1429 1267 1504 1340 in
1577 1275 1812 1342 nostra
1883 1268 2105 1366 patria
2177 1267 2645 1364 laudibusque
2734 1267 3127 1366 dignissimi
3213 1269 3631 1344 exstiterunt

579 1387 869 1474 medici,
921 1388 1063 1461 sive
1109 1387 1438 1476 Lovanii,
1489 1385 1630 1461 sive
1665 1387 1986 1461 Lutetiae
2033 1387 2451 1461 Parisiorum
2474 1445 2497 1473 ,
2546 1387 2687 1460 sive
2736 1387 3088 1462 Bononiae
3114 1388 3353 1464 aliisve
3384 1389 3627 1464 Italiae

575 1508 742 1584 locis
809 1507 1182 1582 informati.
1287 1507 1930 1582 Hostanen-amu
1982 1508 2040 1599 ¹)
2089 1505 2360 1605 appello
2380 1564 2400 1593 ,
2452 1506 2735 1580 doctum
2788 1517 2861 1580 et
2910 1533 3227 1607 sagacem
3274 1509 3627 1584 medicum

577 1627 995 1703 Homanum
1034 1627 1514 1726 eundemque,
1567 1649 1720 1702 raro
1755 1649 1920 1701 sane
1938 1625 2297 1724 exemp10,
2347 1627 2412 1717 ²)
2447 1633 2725 1723 poetam
2758 1626 3143 1726 elegantem
3164 1661 3185 1717 ;
3238 1652 3532 1704 snorum
3558 1630 3624 1722 ⁸)

575 1748 1000 1822 Goudanum
1021 1805 1042 1836 ,
1119 1747 1310 1846 quod
1369 1746 1592 1822 rarius
1615 1806 1634 1835 ,
1703 1747 1916 1821 etiam
1979 1745 2328 1843 theologia
2405 1745 2860 1820 delectantem
2886 1805 2907 1834 ‚
2978 1773 3187 1846 quem
3250 1771 3629 1838 ansanus,

575 1868 690 1940 cui
743 1867 1162 1942 medicinam
1211 1865 1616 1942 adhibuisse
1653 1865 1910 1954 fertur,
1953 1873 2108 1940 arte
2155 1865 2444 1938 doctum
2492 1863 2672 1938 dixit
2720 1865 2793 1940 in
2842 1867 3213 1954 miraculo;
3266 1869 3327 1960 ⁴)
3378 1891 3628 1942 nasse·

579 2007 768 2064 aarum
831 2009 1472 2064 mumauaamu
1495 2045 1516 2076 ,
1565 1988 1628 2081 ⁶)
1699 1984 2417 2061 Amstelodamensem
2444 2042 2465 2072 ‚
2515 1983 2941 2060 celeberrimi
2991 2010 3408 2062 Marrmom
3458 1987 3629 2062 ami-

577 2133 775 2198 cum,
823 2111 891 2202 θ)
962 2109 1186 2183 virum
1237 2108 1617 2184 candidum
1643 2114 1736 2182 et
1785 2105 2138 2180 eruditum
2161 2163 2181 2192 ,
2235 2127 2639 2180 panaceam
2696 2113 3111 2180 sectatorum
3162 2105 3631 2181 adversarium

575 2230 982 2304 acerrimum
1007 2285 1028 2317 ‚
1110 2227 1268 2326 qui,
1333 2226 1652 2301 Bmmnis
1719 2226 1942 2300 redux
1965 2284 1985 2313 ,
2058 2225 2457 2323 Groningae
2520 2247 2645 2322 per
2710 2247 2956 2300 novem
3016 2225 3347 2325 deinceps
3412 2249 3631 2302 annos

577 2355 798 2423 artem
859 2347 1246 2422 salutarem
1298 2369 1460 2420 cum
1513 2342 1892 2430 factitavit,
1941 2349 2094 2416 tum
2149 2339 2222 2414 in
2281 2340 2511 2415 schola
2554 2341 3013 2418 Praediniana
3059 2345 3121 2436 ⁷)
3178 2345 3634 2420 verisimiliter

581 2467 792 2542 etiam
875 2467 1134 2542 docuit.
1201 2467 1264 2558 ⁸)
1397 2461 2014 2544 Quemadmodum
2091 2460 2264 2536 aliae
2341 2460 2653 2534 civitates
2722 2462 2913 2550 aliis,
2986 2463 3084 2538 sic
3152 2463 3631 2542 Han-lemensis

575 2608 978 2662 martineio
1023 2586 1088 2677 ⁰)
1157 2608 1334 2671 suo,
1409 2582 1658 2656 Herm
1725 2589 1800 2655 et
1859 2580 2276 2654 Harlemum
2348 2601 2741 2654 nanniano
2808 2603 3017 2656 mmo
3070 2581 3492 2680 gloriantur,
3542 2584 3631 2660 de

574 2705 828 2779 litteris
881 2713 964 2779 et
1021 2703 1380 2778 medicina
1445 2701 1892 2776 meritissimo
1909 2757 1930 2789 ,
1993 2698 2360 2774 cathedrae
2418 2698 2741 2774 Leidensi
2760 2758 2781 2788 ‚
2844 2701 2961 2777 cui
3006 2701 3394 2776 destinatus
3441 2710 3589 2778 erat
3606 2761 3631 2793 ,

575 2831 804 2900 morte
861 2831 1316 2923 praematura
1383 2821 1738 2920 subrepto.
1777 2823 1880 2913 ἰο)
1985 2819 2324 2896 Omnium
2396 2841 2553 2894 vero
2612 2820 3009 2918 aequalium
3062 2821 3261 2896 facile
3310 2819 3632 2922 princeps

571 2945 712 3021 fuit
769 2967 1048 3020 paraus
1097 2965 1462 3020 remmus
1507 2940 2020 3017 Alcmariensis.
2072 2941 2170 3034 ¹¹)
2273 2939 2417 3015 Hic
2470 2939 2655 3017 enim
2678 3000 2699 3030 ‚
2748 2941 3133 3019 acutissimi
3182 2941 3283 3045 vir
3328 2942 3629 3043 ingenii,

577 3064 914 3164 singulari
963 3060 1331 3139 -doctrinae
1383 3062 1816 3163 :praestantia
1895 3062 2242 3161 longoque
2303 3062 2473 3135 artis
2539 3084 2676 3136 usu
2734 3062 3047 3139 medicus
3100 3087 3253 3139 vere
3308 3088 3629 3141 consum-

575 3194 814 3259 matus
833 3244 854 3273 ‚
909 3206 1086 3259 cum
1145 3182 1346 3259 factis
1365 3241 1386 3271 ‚
1433 3184 1592 3257 itum
1625 3181 1918 3281 scriptis
1959 3182 2168 3256 talem
2222 3205 2294 3256 se
2351 3181 2734 3280 praestitit,
2778 3175 3013 3281 quem‘
3039 3183 3151 3257 vix
3193 3182 3444 3259 minori
3481 3184 3634 3259 iure

572 3325 791 3403 quam
839 3324 1376 3379 aonanaavmn
1433 3300 1892 3377 immortalem
1916 3358 1937 3388 ,
1983 3302 2409 3379 Batavorum
2463 3300 2691 3377 dicam
2741 3326 3281 3379 mrrocaarnu.
3379 3305 3628 3383 Quan-

576 3432 732 3498 tum
762 3430 852 3497 -et
889 3424 1006 3498 ille
1047 3422 1374 3497 Leidensi
1415 3420 1788 3521 profuisset
1837 3420 2256 3499 Academiae
2281 3478 2300 3509 ‚
2349 3420 2425 3495 si
2476 3420 2893 3497 medicinam
2947 3422 3353 3521 professoria
3404 3422 3631 3523 digni-

578 3551 726 3619 tate
798 3542 1046 3618 docere
1109 3542 1480 3617 voluisset!
1581 3540 1722 3617 Sed
1747 3540 2032 3616 >abnuit
2079 3540 2561 3617 zeonditionem
2642 3540 3163 3641 Delphensibus
3230 3542 3375 3617 suis
3441 3550 3633 3617 totus

581 3664 925 3739 addictus.
989 3665 1084 3757 ¹⁸)

679 3784 971 3882 Accepit
1023 3782 1315 3858 eandem
1364 3804 1750 3857 suasanus
1799 3802 2109 3855 nomios
2131 3836 2152 3868 ,
2211 3780 2314 3872 1⁸)
2366 3778 2467 3853 vir
2522 3778 3070 3865 eruditissimus,
3122 3778 3389 3853 Patavii
3424 3802 3630 3855 sum-

583 3920 740 3977 mos
781 3903 856 3977 in
905 3902 1248 3977 medicina
1297 3902 1590 3975 honores
1636 3900 1942 3999 adeptus
1961 3960 1981 3988 ,
2017 3900 2158 3997 qui
2193 3898 2459 3975 hidae
2496 3896 2931 3971 salutiferam
2976 3906 3205 3971 artem
3248 3896 3627 3977 factitabat.

585 4024 822 4121 Atque
887 4021 998 4097 bic
1053 4022 1338 4121 quidem
1392 4019 1662 4119 primns
1717 4019 1854 4093 fuit
1903 4020 1974 4093 in
2028 4025 2265 4093 nostra
2297 4016 2536 4115 patria
2584 4016 2977 4091 Medicinae
3022 4016 3419 4108 Professor,
3467 4019 3629 4119 qui,

585 4140 904 4239 quamvis
937 4140 1198 4239 scripta
1241 4162 1378 4213 non
1433 4138 1829 4236 reliquerit,
1893 4136 2230 4211 referente
2279 4158 2802 4224 acrama-vio,
2853 4136 3204 4215 doctrinae
3236 4140 3633 4238 gravitate,

581 4259 932 4333 industria
993 4258 1424 4357 docendique
1479 4256 1813 4333 'facilitate
1871 4257 1975 4331 ita
2026 4255 2399 4343 excelluit,
2468 4263 2548 4331 ut
2588 4258 2847 4331 multos
2890 4258 3191 4333 alliceret
3227 4258 3631 4358 discipulos.

587 4380 688 4453 Ait
725 4386 995 4478 quanto
1035 4378 1371 4454 celebrius·
1403 4377 1546 4451 fuit
1591 4399 1904 4451 mannas
1945 4398 2371 4463 -nnnamcs,
2406 4376 2515 4467 44)
2550 4400 2861 4477 :magnus
2904 4378 3020 4453 ille
3072 4379 3309 4477 magni
3357 4400 3632 4455 nuncu

587 4499 1014 4599 discipulus,
1091 4498 1518 4573 Traiectiuae
1587 4497 1884 4573 civitatis
1903 4555 1922 4586 ‚
1979 4504 2371 4595 ‹antequam
2448 4494 2735 4571 Leidam
2824 4496 3194 4595 migraret,
3272 4498 3485 4573 decus
3557 4504 3634 4571 et

585 4619 1115 4695 ornamentum!
1191 4620 1426 4695 Quam
1479 4615 1808 4691 eximiam
1863 4616 2320 4691 eniditionem
2343 4672 2364 4703 ,
2411 4638 2627 4713 quam
2652 4615 2927 4691 ssubtile
2978 4615 3336 4714 ingenium
3382 4622 3633 4691 cuncta

595 4737 859 4835 spirant
925 4736 1077 4811 eius
1139 4737 1385 4836 operal
1460 4737 1746 4815 Quanta
1813 4734 2088 4811 dioeadi
2131 4734 2641 4834 {persp-‘auitam
2682 4735 2916 4835 qualis
2962 4735 3031 4809 in
3086 4732 3336 4807 studiis
3382 4732 3625 4822 ardor,
