4728 5991
1872 604 2435 676 ORATIO.
2671 646 2684 657 ·
3523 602 3652 671 129

608 816 757 893 sine
830 814 1219 891 seminibus
1282 838 1488 891 nemo
1552 814 1865 915 nihilque
1926 824 2179 915 potest.
2274 817 2525 915 Itaque
2591 816 2812 892 ludite
2831 874 2853 907 ,
2925 812 3254 891 cursitate
3273 870 3294 903 ,
3367 810 3612 887 saltate
3630 869 3653 902 ,

602 937 916 1039 equitate
934 994 957 1026 ‚
1006 944 1350 1035 quantum
1396 935 1641 1013 velitis.
1743 936 1931 1011 Ante
1971 936 2207 1011 omnia
2256 960 2411 1011 vero
2463 935 2714 1012 studiis
2755 958 3033 1037 operam
3087 939 3336 1008 navate
3357 990 3378 1021 ,
3427 930 3649 1005 virtu·

600 1066 753 1135 tem
818 1056 1025 1135 colite
1044 1116 1064 1145 ,
1131 1056 1451 1157 respicite
1519 1058 1755 1133 finem.
1855 1057 2068 1137 Quod
2130 1056 2189 1131 si
2232 1056 2528 1133 feceritis
2548 1117 2571 1148 ‚
2639 1057 2912 1131 nullum
2965 1053 3262 1129 dubium
3280 1111 3301 1142 ,
3355 1051 3526 1151 quin
3571 1049 3648 1127 in

600 1176 935 1254 omnibus
997 1174 1209 1250 rebus
1260 1174 1545 1250 modum
1598 1173 1935 1251 habeatis.
2032 1174 2329 1251 Modum
2379 1184 2616 1251 autem
2661 1176 2914 1265 habere
2963 1172 3294 1273 sapientis
3335 1179 3477 1260 est,
3527 1196 3644 1245 ex·

602 1298 849 1375 cedere
914 1319 1074 1371 vero
1134 1294 1351 1370 stulti.
1452 1296 1613 1371 Non
1680 1318 1923 1370 omnes
1980 1294 2285 1394 profecto
2332 1318 2896 1371 HULLBMANNUM
2944 1318 3240 1394 aequare
3289 1290 3604 1392 poteritis
3627 1348 3648 1379 ,

598 1422 933 1517 poterunt
1010 1421 1247 1489 autem
1314 1413 1521 1488 multi
1540 1469 1561 1501 ,
1632 1412 1807 1486 nulli
1876 1435 2035 1487 vero
2106 1436 2245 1487 non
2315 1412 2406 1488 ad
2481 1438 2633 1489 eam
2701 1414 2922 1491 excoli
2979 1414 3234 1490 mentis
3294 1410 3648 1508 animique

598 1534 1089 1638 praestantiam
1110 1592 1131 1623 ,
1196 1557 1337 1633 qua
1392 1533 1685 1633 patriam
1746 1542 1993 1607 ornent
2058 1532 2408 1633 huiusque
2469 1534 2888 1610 Academiae
2945 1534 3236 1635 gloriam
3291 1538 3642 1607 tueantur.
3691 1562 3696 1565 ·

602 1656 862 1757 Agite,
932 1654 1108 1729 vires
1172 1652 1556 1741 intendite3
1620 1653 1810 1752 quod
1867 1652 2131 1729 bonum
2190 1662 2263 1730 et
2306 1654 2676 1729 honestum
2734 1663 2885 1745 est,
2933 1650 3328 1742 sectamini;
3379 1650 3645 1751 fugite,

603 1775 793 1875 quod
866 1774 1355 1849 inhumanum.
1458 1772 1573 1849 Sic
1640 1773 2045 1873 parentibus
2109 1773 2287 1865 cari,
2354 1774 2914 1876 praeceptoribus
2975 1772 3282 1873 accepti,
3348 1780 3644 1847 vestram

599 1896 737 1995 ipsi
760 1955 782 1986 ,
832 1896 985 1971 Deo
1036 1892 1345 1983 favente,
1396 1894 1743 1971 fortunam
1761 1951 1783 1984 ‚
1835 1894 2097 1971 civitati
2145 1896 2510 1971 commoda
2551 1894 2882 1994 parabitis
2933 1902 3006 1969 et
3054 1893 3288 1969 decus.

699 2132 969 2209 Alsolvi
1037 2132 1125 2207 de
1196 2131 1525 2231 personis.
1646 2130 2055 2231 Sequuntur
2126 2132 2518 2207 studiorum
2588 2132 2950 2233 praesidia.
3049 2132 3162 2207 De
3233 2130 3650 2207 Nosocomio

610 2252 776 2329 dixi.
877 2252 1104 2328 Dictis
1166 2251 1331 2328 addi
1396 2250 1659 2351 possit,
1734 2276 1885 2326 eam
1956 2250 2179 2351 ipsius
2246 2260 2553 2351 partem,
2625 2251 2696 2326 in
2765 2274 2907 2351 qua
2956 2274 3278 2328 woman
3327 2249 3654 2351 mysteria

602 2374 785 2447 fiunt
808 2430 828 2461 ‚
874 2370 1124 2447 ceteris
1172 2372 1377 2471 longe
1427 2378 1792 2471 praestare.

698 2494 1036 2567 Museum
1102 2490 1569 2567 anatomicam
1623 2499 1693 2566 et
1742 2490 1894 2566 aliis
1942 2489 2440 2591 locupletatum
2493 2500 2602 2565 est
2645 2498 2718 2565 et
2763 2489 3080 2589 inprimis
3128 2489 3482 2565 Thesauro
3526 2514 3648 2591 pa-

607 2612 954 2713 tholegico
971 2669 993 2702 ,
1039 2634 1249 2711 quem
1290 2632 1775 2686 accamanus
1812 2610 2138 2710 reliquit,
2187 2610 2278 2686 ab
2316 2610 2472 2687 eius
2512 2609 2888 2685 heredibus
2919 2608 3338 2689 Academiae
3375 2616 3648 2683 nostrae

608 2732 885 2808 donato.
1012 2733 1247 2812 Quam
1321 2730 1605 2830 quidem
1685 2731 2167 2808 liberalitatem
2252 2738 2335 2809 ut
2404 2730 2646 2831 magni
2707 2730 3002 2805 facimus
3019 2787 3041 2820 ,
3115 2729 3213 2805 ita
3288 2728 3606 2804 dolemus
3627 2786 3649 2817 ,

608 2850 894 2954 propter
958 2853 1259 2927 locorum
1333 2850 1727 2951 angustiam
1802 2859 2005 2951 aptae
2074 2849 2534 2950 speciminum
2599 2850 3035 2951 dispositioni
3093 2855 3370 2925 tantum
3421 2848 3650 2923 adhuc

608 2971 847 3049 deesse
868 3031 889 3062 ,
959 2978 1043 3048 ut
1106 2970 1337 3071 potius
1384 2970 1623 3070 inepta
1674 2969 1812 3047 dici
1859 2970 2131 3047 debeat.
2234 2970 2427 3047 Huic
2479 2976 2716 3047 autem
2761 2969 3198 3048 incommodo
3249 2993 3462 3069 quam
3511 2968 3652 3070 pri·

610 3116 813 3168 mum
878 3099 952 3168 et
1014 3116 1225 3192 quam
1295 3091 1556 3192 optime
1619 3098 2062 3192 prospectum
2116 3091 2201 3166 iri
2219 3151 2239 3182 ‚
2288 3101 2488 3192 grato
2535 3117 2701 3192 erga
2747 3091 3118 3167 Curatores
3167 3090 3400 3166 animo
3454 3114 3651 3190 prae-

602 3209 939 3287 dicamus.
1830 3251 1837 3256 ·

703 3333 791 3406 In
859 3321 1271 3407 laboratorio
1341 3330 1810 3432 physiologice
1830 3390 1852 3423 ,
1922 3331 2119 3408 novis
2182 3333 2345 3408 licet
2413 3330 2894 3407 instrumentis
2959 3331 3199 3436 dotato
3215 3391 3237 3422 ‚
3305 3331 3652 3430 permulta

610 3449 1114 3526 desiderantur.
1209 3450 1467 3526 Deficit
1536 3451 1851 3550 inprimis
1915 3453 2218 3527 locorum
2282 3452 2764 3552 opportunitas
2783 3510 2804 3541 ,
2879 3452 3102 3552 magis
3163 3451 3374 3528 etiam
3432 3476 3645 3551 quam

610 3577 813 3644 antea
860 3569 1247 3664 necessaria
1268 3627 1289 3658 ,
1338 3569 1904 3668 quandoquidem
1954 3571 2225 3671 integra
2243 3629 2265 3660 ,
2314 3595 2456 3669 qua
2493 3571 2630 3646 late
2673 3576 2896 3669 patet,
2947 3563 3420 3670 Physiologia,
3463 3571 3645 3644 mul·

606 3689 851 3764 tifariis
902 3688 1391 3788 experimentis
1432 3689 2168 3790 observationibusque
2212 3690 2557 3766 illustrata
2577 3748 2599 3779 ,
2665 3689 2925 3764 ibidem
2970 3689 3152 3765 tradi
3203 3695 3276 3762 et
3329 3687 3640 3776 addisci,

608 3809 749 3882 imo
800 3831 959 3883 vero
1009 3831 1411 3884 nonnnasu
1456 3809 1677 3887 nostri
1722 3810 2005 3908 ingenio
2052 3809 2289 3910 perfici
2338 3809 2548 3884 debet
2596 3816 2668 3883 et
2713 3807 3058 3907 explicari.

704 3927 979 4002 Hortus
1034 3928 1467 4004 academicus
1488 3988 1510 4019 ,
1578 3955 1718 4005 non
1770 3939 2043 4007 tantum
2092 3930 2461 4006 Botanices
2513 3927 2842 4003 studiosis
2861 3985 2882 4016 ,
2933 3927 3059 4002 sed
3112 3928 3321 4002 etiam
3374 3925 3644 4002 civibus

609 4045 1015 4122 '1¹raiectinis
1032 4105 1054 4137 ‚
1125 4048 1249 4147 qui
1294 4059 1581 4126 naturae
1632 4051 1893 4127 deliciis
1944 4051 2080 4126 frui
2131 4050 2418 4150 cupiant
2435 4107 2455 4138 ,
2506 4047 2892 4149 patefactus
2911 4105 2933 4136 ,
2981 4047 3054 4122 in
3107 4046 3372 4146 optimo
3419 4071 3643 4122 versa·

609 4174 724 4242 tur
792 4176 1003 4244 statu.
1104 4167 1373 4244 Crescit
1442 4171 1515 4244 in
1580 4168 1731 4246 dies
1798 4170 2193 4271 plantarum
2263 4191 2621 4244 numerus.
2722 4168 2810 4242 In
2877 4165 3139 4266 postica
3203 4166 3387 4242 horti
3449 4177 3644 4266 parte

606 4310 869 4362 novum
932 4297 1363 4364 exstructum
1408 4298 1515 4365 est
1558 4291 1951 4366 aedificium
1971 4348 1991 4379 ,
2042 4289 2231 4388 quod
2282 4287 2714 4388 providentia
2761 4287 3179 4362 Curatorum
3200 4345 3222 4376 ,
3289 4287 3412 4386 qui
3453 4287 3646 4363 Flo-

606 4429 790 4479 ram
860 4413 933 4478 et
996 4403 1499 4482 Minervam
1564 4408 1837 4506 aequali
1900 4408 2416 4508 amplectuntur
2467 4415 2741 4498 amore,
2811 4432 2974 4484 cum
3023 4408 3278 4482 Museo
3325 4407 3646 4483 botanico

610 4523 1037 4598 destinatum
1093 4535 1203 4599 est
1221 4583 1241 4614 ,
1292 4535 1445 4601 tum
1492 4527 1705 4602 etiam
1758 4526 2009 4602 scholis
2058 4552 2101 4603 a
2145 4529 2528 4604 litterarum
2583 4527 3084 4628 professoribus
3123 4526 3482 4602 habendis.

704 4641 793 4715 In
870 4640 1123 4716 Museo
1144 4698 1167 4731 ,
1240 4643 1429 4740 quod
1496 4643 1847 4723 Historiae
1920 4645 2253 4746 naturalis
2320 4647 2571 4722 studiis
2631 4648 2948 4739 inservit,
2995 4671 3329 4724 novorum
3383 4647 3647 4744 aliquot

604 4759 1066 4859 speciminum
1119 4763 1507 4839 a‘ccessione
1558 4765 1843 4840 lacunae
1895 4767 2236 4865 quaedam
2284 4768 2596 4868 expletae
2643 4775 2831 4844 sunt.

3218 4889 3308 4962 17
