4728 5991
1134 623 1267 692 230
2130 619 2182 684 Ι.
2246 617 2295 684 l.
2367 641 2506 684 van
2571 615 3160 682 oos‘rERzEE

1132 856 1353 932 qaam
1410 829 1623 905 vestri
1691 827 1779 902 de
1842 849 1961 900 -me
2030 825 2272 900 iudicii
2332 849 2417 900 ac
2477 824 2650 899 mihi
2717 825 3084 900 mandatae
3149 823 3536 923 provinciae
3594 823 3744 898 iure
3807 822 4169 922 poeniteat.

1132 952 1417 1026 Utinam
1488 975 1530 1025 e
1599 947 1963 1024 conatibus
2030 945 2206 1020 meis
2274 943 2542 1044 aliquid
2611 943 2834 1019 bonae
2906 943 3128 1042 frugis
3205 943 3552 1018 redundet
3613 941 3689 1016 in
3765 941 4174 1032 Ecclesiam,

1128 1081 1341 1170 atque
1393 1070 1467 1144 in
1516 1067 1967 1144 Academiam
2016 1077 2370 1153 nostram,
2426 1064 2543 1139 cui
2595 1064 2816 1139 filium
2869 1075 3213 1162 praestare
3263 1089 3374 1138 me
3417 1063 3665 1162 cupio,
3713 1063 3898 1138 alma
3953 1065 4174 1138 Matre

1130 1215 1269 1266 non
1323 1214 1601 1288 prorsus
1656 1188 2067 1287 indignum!
2122 1185 2343 1260 Vobis
2381 1198 2652 1272 autem,
2699 1184 2850 1258 viri
2895 1182 3394 1270 Illustrissimi,
3439 1182 3570 1257 hoc
3613 1182 3944 1283 largiatur
3985 1184 4180 1258 Pater

1129 1310 1487 1398 coelestis,
1564 1319 1643 1384 ut
1706 1308 1841 1407 ipsi
1904 1306 2073 1381 salvi
2148 1305 2668 1402 incolumesque
2724 1303 2930 1378 vitam
2994 1303 3236 1378 vivatis
3283 1302 3540 1376 Divino
3591 1301 3820 1376 favore
3863 1302 4174 1394 beatam,

1131 1431 1205 1506 in
1276 1429 1731 1520 Vestrorum,
1796 1428 1869 1502 in
1931 1427 2393 1513 Academiae,
2443 1426 2516 1499 in
2569 1425 2922 1499 universae
2973 1424 3244 1498 Patriae
3295 1433 3566 1496 nostrae
3615 1421 3956 1496 salutem!

1226 1547 1347 1624 Ad
1396 1547 1535 1622 Vos
1585 1571 1699 1622 me
1740 1545 2203 1632 convertenti,
2254 1542 2404 1617 Viri
2444 1543 2882 1630 Clarissimi,·
2914 1541 3228 1616 omnium
3271 1542 3524 1616 artium
3569 1542 4178 1641 doctrinarumque

1129 1666 1599 1753 Professores,
1673 1691 1803 1740 vox
1869 1665 2131 1738 incerta
2194 1663 2265 1736 in
2336 1662 2656 1737 faucibus
2709 1663 2962 1737 haeret.
3064 1662 3186 1735 Nil
3237 1661 3544 1750 facilius,
3595 1687 3802 1760 quam
3857 1662 4022 1736 trita
4067 1662 4180 1736 illa

1133 1787 1328 1862 vobis
1382 1797 1728 1886 repetere,
1778 1811 1961 1884 quae
2011 1785 2132 1858 tali
2174 1783 2530 1858 occasione
2589 1784 2728 1858 iam
2783 1782 3058 1880 saepius
3116 1781 3442 1882 potuistis
3481 1781 3757 1869 audire,
3805 1783 3910 1857 nil
3947 1793 4176 1858 autem

1131 1907 1522 1995 difficilius,
1596 1931 1808 2004 quam
1882 1904 2099 1978 animi
2165 1904 2546 2001 exprimere
2609 1927 2932 1990 sensum,
3000 1927 3140 2000 quo
3191 1913 3418 1977 tantos
3461 1902 3770 2002 talesque
3818 1903 3998 1977 viros
4043 1903 4176 1978 iam

1132 2026 1454 2125 Collegas
1520 2023 2140 2100 aestumatissimus
2202 2046 2622 2121 nuncupem.
2726 2022 3230 2096 Mediocritatis
3287 2047 3481 2096 meae
3533 2023 3748 2122 probe
3802 2024 3978 2097 mihi
4021 2048 4176 2098 eon·

1133 2143 1361 2231 scius,
1414 2168 1552 2218 non
1597 2145 1731 2218 nisi
1778 2145 2161 2218 verecunde
2207 2149 2454 2216 vestro'
2481 2141 2708 2216 ordini
2753 2165 2986 2216 meum
3035 2167 3286 2218 nomen
3335 2142 3636 2216 adscribi
3683 2143 3924 2232 video,
3974 2157 4179 2242 atque

1132 2265 1395 2364 optime
1464 2265 1725 2354 sentio,
1792 2264 2089 2363 paucula
2147 2274 2420 2337 tantum
2474 2287 2664 2349 esse,
2733 2288 2911 2359 quae
2956 2264 3153 2338 vobis
3193 2263 3582 2351 offerenda,
3631 2289 3840 2362 quam
3886 2263 4180 2362 plurima

1136 2397 1415 2474 eontra,
1466 2410 1644 2484 quae
1698 2410 1741 2460 a
1789 2385 1983 2458 vobis
2037 2383 2468 2483 imploranda
2513 2381 2830 2457 habeam.
2897 2384 3158 2458 'Simul
3207 2409 3362 2458 vero
3409 2383 3498 2458 ad
3543 2383 3814 2482 pristini
3858 2383 4180 2483 temporis

1132 2505 1673 2580 recordationem
1742 2505 2113 2580 laetissime
2169 2503 2416 2591 reden,
2491 2503 2804 2601 mihique
2877 2503 3160 2578 nomina
3225 2511 3678 2592 sonnonem,
3755 2527 4174 2592 vissenam,

1137 2633 1748 2714 enonnawoum'i,
1812 2647 2330 2712 eounonvnar,
2383 2629 2686 2716 nnusm‘i
2730 2635 3001 2722 repeto,
3054 2649 3229 2721 quos
3271 2624 3380 2698 bic
3424 2636 3669 2699 nactus
3708 2624 3814 2698 fui
3865 2648 4175 2722 praecep·

1134 2753 1317 2819 tores
1386 2744 1723 2842 egregios.
1826 2743 1887 2817 E
1952 2767 2240 2816 numero
2295 2743 2756 2841 professorum
2779 2800 2800 2831 ,
2866 2744 2990 2842 qui
3039 2754 3176 2818 tem
3185 2768 3348 2842 pore
3391 2769 3548 2819 meo
3593 2745 4012 2820 Academico
4059 2743 4176 2817 flo-

1133 2874 1469 2952 ruerunt,
1542 2889 1761 2938 unum
1838 2873 2115 2937 tantum
2195 2862 2366 2936 mihi
2445 2862 2743 2936 salutare
2820 2887 3006 2938 nunc
3083 2865 3444 2964 contingit.
3546 2864 3690 2940 Vos
3760 2890 3957 2952 vero,
4037 2863 4176 2937 Viri

1131 2983 1553 3073 Clarissimi,
1606 2984 1665 3058 si
1710 2982 2225 3070 decessoribus,
2276 2981 2466 3081 quod
2511 3008 2946 3081 nequaquam
2997 2982 3283 3074 dubito,
3335 3010 3472 3060 non
3511 2995 3782 3061 tantum
3829 2985 4171 3076 doctrina,

1134 3103 1257 3179 sed
1330 3104 1761 3178 humanitate
1824 3104 2035 3179 etiam
2095 3102 2262 3176 estis
2308 3102 2732 3190 consimiles,
2797 3128 2931 3177 non
2991 3105 3192 3202 plane
3249 3104 3538 3205 despero
3591 3107 3678 3180 de
3725 3132 3912 3181 nexu
3951 3118 4176 3179 nostro

1132 3222 1392 3297 futur0.
1492 3223 1653 3298 Hoc
1710 3247 1753 3297 a
1824 3223 2013 3298 vobis
2070 3232 2301 3321 petere
2346 3222 2583 3309 liceat,
2639 3233 2718 3295 ut
2769 3248 2879 3297 me
2929 3223 3360 3300 humanitate
3403 3228 3814 3316 sublevetis,
3863 3227 4172 3325 exemplo

1132 3342 1579 3417 inflammetis
1600 3400 1619 3429 ,
1650 3340 2114 3416 familiaritate
2135 3400 2155 3429 ,
2188 3343 2281 3417 fid
2294 3343 2478 3429 noia,
2511 3342 2570 3416 si
2600 3342 2745 3416 fieri
2777 3354 3006 3441 potest
3031 3345 3236 3418 etiam
3265 3347 3566 3421 amicitia
3599 3349 3947 3421 honoretis
3973 3372 4168 3446 exop-

1133 3462 1493 3537 tatissima.
1598 3463 1812 3541 Quod
1858 3488 1901 3537 a
1944 3464 2041 3537 Te
2086 3488 2222 3537 non
2264 3464 2566 3563 amplius
2611 3465 2998 3563 rogandum
3051 3467 3304 3553 habeo,
3361 3467 3786 3542 nobilissime
3813 3492 3911 3542 nn
3945 3490 4165 3556 esna,

1132 3582 1255 3682 qui
1311 3608 1433 3681 per
1486 3591 1591 3656 tot
1639 3607 1857 3656 anuos
1910 3582 2047 3657 iam
2097 3586 2396 3659 amicum
2449 3585 2969 3684 integerrimum
3019 3588 3119 3661 Te
3169 3586 3337 3660 mihi
3388 3588 3873 3686 comprobasti.
3974 3587 4164 3675 Tibi,

1130 3702 1270 3778 scio
1314 3702 1541 3791 enim,
1592 3702 1739 3801 ipse
1786 3702 1896 3777 hic
1948 3704 2133 3791 dies,
2198 3729 2340 3803 quo
2378 3704 2559 3779 inter
2597 3704 2895 3803 collegas
2941 3707 3242 3781 amicum
3291 3709 3669 3782 iuventutis
3709 3710 3846 3784 iam
3891 3708 4162 3809 recipis,

1129 3823 1277 3897 dies
1344 3822 1645 3900 laetitiae
1715 3823 2023 3921 bonique
2084 3825 2361 3923 augurii
2433 3835 2558 3899 est.
2665 3825 2991 3913 Utinam,
3062 3852 3240 3926 quae
3307 3839 3450 3902 tam
3519 3829 3642 3903 diu
3707 3854 3838 3903 nos
3909 3827 4170 3903 vincula

1127 3942 1545 4033 iunxerunt,
1616 3968 1975 4042 nunquam
2044 3944 2606 4043 disrumpantur,
2674 3944 2817 4018 imo
2886 3946 3190 4020 firmiora
3255 3948 3465 4021 etiam
3515 3949 3850 4024 evadant!
3927 3950 4168 4048 Neque

1130 4063 1365 4137 miuus
1422 4063 1583 4137 Tibi
1646 4089 1757 4139 me
1804 4066 2370 4141 commendatum
2422 4066 2665 4154 velim,
2715 4067 3112 4142 Clarissime
3163 4092 3502 4157 munna,
3551 4071 3754 4143 cuius
3793 4070 4164 4145 debitorem

1130 4183 1365 4256 statim
1420 4208 1495 4257 se
1560 4184 1811 4271 sentit,
1883 4185 2006 4283 qui
2072 4186 2416 4261 Facultati
2486 4185 2938 4286 Theologicae
3001 4188 3426 4263 Traiectinae
3490 4190 3927 4266 adscribitur.
4029 4188 4162 4269 Qui

1131 4301 1364 4375 studia
1428 4301 1699 4376 Veteris
1759 4304 2185 4378 Testamenti
2255 4317 2414 4394 tue,
2462 4306 2537 4380 id
2583 4318 2689 4381 est
2731 4309 2986 4382 eximio
3030 4309 3237 4383 modo
3282 4334 3517 4409 regere
3567 4311 3752 4384 haud
3803 4310 4159 4398 recusasti,

1127 4420 1261 4495 hoc
1321 4445 1617 4519 pensum
1682 4421 1873 4495 haud
1938 4424 2213 4500 desinas
2274 4427 2631 4525 persequi,
2694 4427 2966 4502 favente
3020 4430 3170 4503 Deo
3238 4430 3326 4505 Ο.
3375 4432 3520 4517 Μ.,
3581 4431 4159 4529 applaudentibus

1124 4542 1463 4616 omnibus
1513 4540 1749 4615 bonisl
1804 4543 2000 4633 Tibi,
2051 4544 2193 4619 imo
2242 4548 2438 4623 vobis
2479 4548 2844 4637 omnibus,
2911 4550 3334 4624 celeberrimi
3379 4550 3563 4640 Viri,
3629 4552 3826 4625 Deus
3875 4550 4160 4651 corporis

1131 4661 1598 4736 valetudinem
1652 4662 2004 4761 animique
2057 4666 2477 4743 alacritatem
2531 4678 2922 4757 conservet,
2982 4680 3060 4744 ut
3104 4681 3174 4745 et
3225 4672 3518 4771 inclytae
3565 4672 3727 4745 huic
3775 4674 4045 4747 scholae
4093 4676 4164 4746 et

1126 4782 1441 4857 universo
1476 4781 1629 4857 orbi
1672 4781 1975 4859 litterato
2006 4809 2215 4884 quam
2249 4788 2642 4863 diutissime
2665 4788 2894 4865 decori
2913 4814 3064 4865 esse
3083 4793 3388 4893 pergatis
3413 4802 3625 4891 atque
3655 4792 4156 4867 emolumento!
