4728 5991
1825 587 2387 659 ORATIO.
3497 588 3629 659 2⁷1

687 800 1388 877 Commemorandum
1447 824 1728 899 quoque
1750 858 1771 889 ,
1819 800 2028 877 aedes
2073 806 2336 875 veteres
2387 794 2897 887 Bibliothecae,
2948 822 2987 873 e
3032 796 3291 897 quibus
3330 798 3472 873 iam
3513 822 3631 873 su-

594 920 836 1021 periori
897 944 1080 996 anno
1147 920 1306 995 libri
1352 920 1652 997 traducti
1719 928 1916 997 erant
1974 919 2048 995 in
2109 918 2398 995 chorum
2462 917 2785 995 ecclesiae
2838 920 3059 995 sancti
3104 918 3391 996 Martini
3436 928 3509 993 et
3556 919 3631 995 in

594 1042 874 1119 domum
943 1040 1546 1117 Ommelandicum
1567 1098 1588 1129 ‚
1663 1065 1902 1117 mense
1965 1039 2158 1115 Maio
2227 1039 2435 1115 huius
2506 1038 2672 1116 anni
2734 1044 2809 1113 et
2868 1038 3193 1138 deinceps
3246 1038 3633 1117 destructas

595 1185 739 1235 esse
756 1218 778 1250 ,
849 1169 930 1236 ut
989 1184 1246 1235 novum
1301 1159 1402 1234 ibi
1447 1160 1838 1236 aedificium
1896 1169 2315 1259 exsurgeret.
2419 1160 2713 1258 Iamque
2776 1158 2937 1233 novi
2982 1152 3286 1233 'aedificii
3305 1218 3326 1248 ,
3374 1184 3633 1258 paucos

595 1290 750 1355 ante
813 1278 940 1354 hos
1001 1278 1184 1369 dies,
1259 1280 1684 1357 sollemniter
1751 1278 2018 1378 primus
2085 1276 2262 1377 lapis
2323 1276 2591 1375 positus
2648 1284 2793 1364 est,
2858 1275 2953 1351 ad
2996 1278 3185 1377 quod
3235 1277 3631 1355 faciendum

595 1400 1001 1477 architectus
1077 1399 1672 1477 bibliothecarium
1748 1406 2064 1475 nostrum
2127 1396 2463 1473 invitavit.
2564 1396 2934 1473 Confidere
3000 1397 3197 1488 licet,
3264 1399 3393 1475 hoc
3448 1424 3633 1475 anno

597 1520 980 1595 academico
1026 1544 1282 1595 novum
1341 1520 1734 1597 aedificium
1785 1519 2278 1619 inauguratum
2321 1518 2409 1593 iri
2426 1574 2447 1605 ,
2514 1517 2703 1616 quod
2750 1524 2832 1591 ut
2875 1541 3096 1617 aeque
3124 1518 3367 1595 facere
3413 1520 3635 1619 possit

599 1648 824 1715 noster
881 1639 1442 1715 bibliothecarius
1506 1639 1704 1717 valde
1761 1647 2086 1740 optamus
2133 1661 2270 1713 non
2319 1646 2595 1713 tantum
2616 1694 2637 1727 ,
2688 1636 2811 1713 sed
2854 1636 3137 1737 insuper
3184 1646 3262 1713 ut
3304 1663 3433 1715 suo
3479 1664 3633 1715 mu-

599 1784 786 1848 nere,
836 1760 1024 1858 quod
1075 1768 1218 1835 tam
1273 1760 1614 1859 praeclare
1657 1759 1807 1836 obit
1827 1818 1845 1849 ,
1899 1759 2110 1835 etiam
2157 1758 2284 1834 diu
2327 1758 2403 1833 in
2448 1757 2643 1833 novis
2686 1756 2979 1832 aedibus
3021 1757 3391 1857 fungatur!

687 2000 804 2076 Ad
869 2025 988 2073 vos
1066 1998 1346 2073 tandem
1423 2024 1536 2073 me
1603 2006 1964 2087 converto,
2029 1998 2314 2073 iuvenes
2382 1995 2841 2082 ornatissimi,
2899 1996 3317 2074 Academiae
3366 2007 3639 2075 nostrae

601 2119 876 2194 alumni.
979 2117 1400 2193 Gravissime
1459 2116 1658 2193 doleo
1679 2174 1700 2205 ‚
1771 2140 1992 2192 unum
2052 2124 2434 2191 vestrorum
2484 2116 3031 2193 commilitonum
3052 2176 3071 2205 ‚
3120 2118 3639 2197 ornatissimum

605 2260 743 2311 van
797 2260 1049 2313 summ
1071 2296 1091 2323 ,
1157 2236 1400 2311 multis
1453 2236 1782 2313 dilectum
1803 2294 1824 2325 ‚
1875 2236 2006 2311 hoc
2063 2259 2250 2311 anno
2315 2260 2354 2309 e
2416 2234 2647 2311 medio
2698 2244 2999 2311 vestrum
3062 2250 3283 2315 morte
3328 2239 3643 2317 ablatum

609 2382 772 2433 esse.
874 2359 1243 2433 Caeterum
1294 2365 1528 2432 autem
1597 2380 1712 2433 me
1767 2366 2029 2433 rectore
2075 2364 2302 2431 vestra
2343 2355 2553 2454 culpa
2602 2354 2775 2430 nihil
2826 2355 3054 2431 locum
3102 2358 3385 2447 habuit,
3448 2360 3640 2459 quod

602 2502 706 2552 me
763 2477 995 2552 dolore
1051 2466 1372 2553 affece‘rit.
1491 2478 1950 2579 Magistratus
2005 2476 2146 2555 mei
2201 2500 2381 2551 onus
2436 2477 2612 2551 adeo
2668 2475 2813 2549 leve
2864 2476 3264 2553 reddidistis
3278 2536 3299 2566 ,
3368 2487 3451 2553 ut
3511 2480 3641 2555 hoc

601 2597 872 2671 nomine
919 2622 1008 2671 ne
1049 2620 1230 2671 onus
1279 2596 1563 2695 quidem
1617 2598 1867 2689 fuerit,
1917 2597 2044 2675 scd
2097 2596 2598 2675 iucundissima
2656 2595 2889 2695 potius
2938 2598 3205 2673 occasio
3244 2598 3479 2698 plures
3516 2624 3639 2700 op·

604 2716 805 2793 timae
853 2716 1002 2817 spei
1054 2716 1338 2793 iuvenes
1385 2717 1877 2817 cognoscendi,
1925 2718 2050 2817 qui
2099 2718 2296 2795 aliter
2347 2716 2520 2793 mihi
2578 2716 2866 2793 fortasse
2920 2716 3143 2817 ignoti
3201 2718 3638 2797 mansissent.

609 2836 892 2913 Gaudeo
971 2836 1288 2936 inprimis
1308 2893 1330 2925 ‚
1415 2838 1648 2913 studia
1721 2846 1946 2915 vestra
2027 2839 2344 2913 universe
2420 2862 2463 2911 a
2530 2836 2879 2936 magistris
2954 2836 3221 2915 laudari
3288 2837 3641 2937 vitamque

613 2958 962 3034 honestam
1013 2957 1414 3058 approbari!

695 3199 1048 3288 Per-venio,
1069 3196 1418 3273 auditores
1429 3256 1448 3288 ,
1469 3199 1562 3274 ad
1577 3198 2151 3274 iucundissimam
2169 3197 2375 3274 officii
2393 3197 2531 3272 mei
2549 3205 2815 3297 partem
2828 3255 2850 3287 ,
2871 3221 3121 3297 nempe
3142 3205 3221 3274 ut
3238 3197 3605 3276 iuvenibus
3620 3253 3645 3290 ,

604 3342 892 3416 quorum
925 3342 1252 3416 responsa
1289 3317 1382 3392 ad
1419 3318 1856 3416 quaestiones
1895 3318 2278 3419 propositas
2312 3315 2691 3418 approbata
2724 3326 2891 3393 sunt
2909 3375 2931 3408 ,
2980 3318 3285 3417 praemia
3315 3319 3639 3398 tribuam.

697 3439 924 3514 Invito
979 3439 1217 3538 itaque
1281 3437 1502 3512 virum
1549 3438 2046 3528 clarissimum,
2095 3438 2220 3538 qui
2263 3447 2547 3514 senatus
2594 3437 2969 3514 academici
3012 3438 3103 3518 ab
3150 3439 3323 3516 actis
3368 3450 3509 3530 est,
3560 3448 3641 3514 ut

605 3559 920 3634 ordinum
963 3556 1220 3632 iudicia
1257 3556 1516 3632 recitet.

699 3797 1158 3874 ornatissime
1205 3797 1496 3871 xaoonl
1545 3795 1805 3897 Accipe
1849 3820 2218 3874 nummum
2258 3819 2585 3888 aureum,
2638 3818 2779 3896 quo
2818 3794 3112 3874 faeniltm
3156 3795 3637 3896 Philosophiae

609 3919 1012 3993 theoreticae
1063 3924 1136 3990 et
1180 3915 1601 3991 Litterarum
1651 3915 2140 3992 humaniorum
2195 3924 2264 3991 te
2313 3917 2608 4018 dignum
2662 3915 2933 3992 censuit
2977 3915 3307 4016 quodque
3356 3917 3637 3996 nomine

615 4039 822 4138 Regis
858 4034 1362 4136 Angustissimi
1397 4036 1529 4110 tibi
1567 4035 1776 4112 dono.
1807 4037 2110 4136 Operae,
2155 4035 2371 4112 studii
2396 4036 2683 4126 laboris,
2728 4061 2938 4136 quem
2967 4037 3401 4138 impendisti,
3442 4038 3638 4113 lucu-

611 4157 864 4232 lentam
901 4157 1089 4231 ecce!
1131 4165 1209 4230 et
1247 4156 1688 4232 honorificam
1721 4157 2363 4234 remunerationem.
2396 4157 2567 4246 Fac,
2598 4165 2683 4234 ut
2702 4157 3011 4236 doctrina
3032 4157 3257 4259 magis
3278 4160 3639 4259 magisque
3694 4185 3703 4194 ·

611 4279 907 4364 elucens,
931 4285 1012 4350 ut
1033 4277 1156 4375 qui
1179 4300 1368 4352 nunc
1386 4275 1813 4352 Academiae
1829 4277 2040 4354 decus
2061 4301 2138 4354 es
2159 4277 2534 4377 aliquando
2554 4278 2824 4354 Patriae
2842 4279 3090 4356 evadas
3112 4287 3596 4356 ornamentum
3620 4281 3637 4354 l

707 4473 1166 4593 ornatissime
1209 4537 1362 4592 van
1409 4516 1756 4610 nunu!
1804 4516 2112 4617 Agnovit
2155 4516 2348 4596 idem
2399 4517 2569 4594 cedo
2622 4517 2761 4594 vim
2804 4517 3069 4618 ingenii
3104 4531 3176 4596 et
3218 4519 3599 4596 industriae
3618 4578 3639 4609 ,

609 4661 820 4735 quam
879 4636 1368 4712 commentatio
1428 4642 1553 4710 tua
1603 4635 2034 4736 prodiderat,
2102 4639 2425 4737 agnovit,
2494 4662 2648 4716 eam
2716 4661 2791 4712 se
2846 4639 3087 4715 ordine
3148 4639 3497 4716 luculento
3568 4647 3640 4713 et

609 4756 920 4833 doctrina
968 4755 1450 4832 commendare
1469 4811 1492 4846 ,
1541 4764 1614 4832 et
1655 4757 2040 4856 praemium
2085 4758 2356 4859 regium
2406 4757 2539 4832 tibi
2587 4757 2905 4834 decrevit.
