4728 5991
1099 603 1185 670 14
2295 605 2367 673 Ρ.
2450 605 2972 673 L.RYKE

1099 811 1188 886 de
1237 812 1520 888 invento
1574 813 1838 914 physici
1893 815 2174 889 nomine
2219 835 2501 889 nizam.
2554 814 2745 890 Huic
2796 813 3057 889 scilicet
3094 810 3468 912 contigisse
3525 813 3799 889 dicebat
3852 812 4147 888 definire

1097 933 1426 1032 temporis
1457 937 1873 1032 particulam
1893 992 1913 1023 ,
1963 958 2102 1034 qua
2147 933 2285 1009 luci
2327 957 2506 1033 opus
2546 935 2638 1008 sit
2678 933 2769 1009 ad
2806 933 3345 1034 percurrendum
3380 933 3678 1032 spatium
3699 992 3720 1021 ,
3753 933 3944 1033 quod
3966 933 4143 1009 duo-

1097 1049 1234 1126 bus
1283 1052 1425 1127 fere
1473 1053 1657 1128 horis
1701 1055 2004 1153 percurri
2047 1053 2219 1130 solet
2271 1053 2361 1128 ab
2404 1053 2684 1128 homine
2703 1085 2722 1141 ;
2774 1052 3216 1151 addebatque
3264 1075 3512 1127 anano
3554 1077 3707 1128 eam
3728 1112 3749 1142 ‚
3792 1077 3972 1152 quae
4018 1074 4145 1154 per

1097 1170 1308 1246 huius
1352 1174 1614 1274 egregii
1665 1174 1931 1273 physici
1971 1175 2441 1274 experimenta
2480 1173 2842 1249 observata
2893 1181 3078 1249 esset
3096 1231 3117 1262 ‚
3174 1172 3601 1248 velocitatem
3652 1196 3789 1248 non
3836 1174 4140 1248 multum

1094 1291 1368 1368 differre
1431 1293 1520 1368 ab
1567 1319 1684 1382 ea,
1741 1319 1951 1394 quam
2001 1295 2403 1369 Astronomi
2454 1318 2577 1393 per
2615 1288 3116 1394 explorationes
3158 1317 3318 1367 suas
3372 1289 3645 1367 dudum
3692 1292 4137 1368 invenissent.

1093 1411 1276 1486 Nolo
1341 1413 1665 1512 equidem
1732 1415 2010 1489 diffiteri
2071 1440 2316 1514 parum
2385 1413 2559 1488 mihi
2608 1438 2693 1488 eo
2746 1421 3054 1512 tempore
3099 1413 3439 1512 placuisse
3492 1435 3646 1488 eam
3693 1412 4093 1488 relationem
4116 1471 4137 1502 ,

1091 1555 1269 1630 quae
1343 1557 1454 1607 me
1520 1559 1660 1610 non
1724 1535 1947 1610 multo
2010 1535 2387 1610 doctiorem
2458 1534 2770 1621 fecisset3
2848 1541 3085 1608 eontra
3158 1555 3315 1607 vero
3376 1530 3711 1632 opinabar
3776 1531 4139 1632 physicum

1088 1651 1286 1727 illum
1359 1652 1607 1729 melius
1669 1653 1885 1728 fuisse
1947 1653 2293 1730 facturum
2314 1712 2335 1743 ‚
2412 1654 2469 1728 si
2532 1653 2795 1753 ingenii
2871 1657 2980 1726 sui
3066 1651 3283 1728 aciem
3308 1709 3329 1740 ,
3397 1675 3577 1750 quae
3636 1675 4013 1750 sanequam
4072 1652 4141 1727 ei

1092 1771 1361 1845 detrahi
1431 1797 1570 1846 non
1635 1781 1906 1872 poterat
1929 1831 1948 1861 ,
2013 1774 2102 1848 ad
2169 1773 2337 1848 alias
2400 1781 2629 1872 partes
2704 1771 3033 1847 adhibere
3106 1771 3454 1846 voluisset.
3556 1771 3752 1850 Quid
3796 1772 3983 1847 enim
4032 1778 4141 1846 est

1091 1890 1308 1966 invita
1370 1893 1690 1968 Minerva
1741 1893 2008 1992 aliquid
2063 1917 2269 1992 agere
2289 1950 2309 1981 ,
2360 1893 2497 1967 nisi
2546 1893 2675 1966 hoc
2724 1901 2871 1980 est,
2922 1891 2983 1964 si
3033 1891 3359 1991 physicus
3415 1915 3540 1991 per
3588 1913 3786 1965 suam
3834 1890 4137 1990 discipli-

1089 2035 1253 2086 nam
1319 2011 1718 2111 imperfecte
1781 2014 2070 2088 definire
2137 2023 2464 2101 conetur,
2539 2013 2731 2112 quod
2799 2012 2888 2087 ab
2952 2011 3391 2086 Astronomis
3460 2009 3685 2085 multo
3752 2011 4138 2086 accuratius

1089 2131 1454 2205 definitum
1529 2135 1685 2208 est?
1803 2135 1982 2208 Ecce
2061 2141 2294 2208 autem
2361 2133 2476 2207 vix
2544 2131 3068 2233 quatuordecim
3118 2129 3611 2230 praeterierant
3656 2131 3862 2219 anni,
3913 2153 4136 2231 quum

1087 2252 1379 2326 eandem
1421 2252 1612 2328 illam
1655 2253 2081 2329 velocitatem
2134 2279 2176 2328 a
2222 2275 2679 2329 roucaon‘no
2720 2251 3003 2352 physica
3046 2259 3195 2325 arte
3236 2259 3378 2326 tam
3421 2260 3737 2326 accurate
3776 2251 4136 2327 definitam

1087 2372 1476 2448 videremus
1495 2433 1516 2463 ‚
1589 2384 1668 2448 ut
1729 2375 1973 2451 harum
2051 2399 2280 2451 rerum
2352 2375 2557 2475 periti
2617 2374 2967 2448 fateantur
3030 2393 3427 2446 mensuram
3484 2371 3577 2468 ab
3640 2395 3723 2446 eo
3784 2371 4139 2446 inventam

1081 2492 1242 2593 plus
1287 2493 1452 2568 fidei
1505 2495 1748 2570 mereri
1798 2520 2008 2595 quam
2064 2521 2244 2594 quae
2287 2494 2568 2570 aliunde
2616 2494 2894 2594 cognita
2936 2499 3138 2567 esset.
3244 2489 3340 2565 Et
3394 2489 3505 2564 hic
3548 2489 3911 2566 observare
3944 2489 4137 2577 lieet,

1081 2637 1292 2712 quam
1362 2623 1547 2690 arcte
1607 2641 1850 2692 omnes
1923 2625 2150 2717 partes
2215 2615 2737 2716 disciplinarum
2792 2614 3233 2714 physicarum
3278 2609 3707 2686 cohaereant.
3811 2610 4026 2689 Quod
4078 2608 4141 2684 si

1078 2731 1266 2808 enim
1329 2740 1595 2808 tantam
1639 2735 1852 2808 fidem
1897 2742 2248 2809 mereatur
2304 2754 2631 2808 mensura
2682 2757 2725 2807 a
2774 2753 3239 2808 rouoaunrro
3294 2731 3617 2820 inventa,
3666 2729 3909 2805 eadem
3962 2753 4137 2830 quo·

1077 2875 1216 2950 que
1277 2851 1675 2928 adhibenda
1737 2860 1846 2927 est
1913 2853 2005 2927 ad
2075 2852 2539 2928 definiendam
2604 2852 3035 2928 velocitatem
3098 2858 3319 2926 terrae
3368 2851 3657 2950 eiusque
3702 2849 3795 2925 ad
3837 2851 4143 2950 reliqua-

1079 2995 1240 3048 rum
1301 2971 1736 3071 planetarum
1810 2998 1854 3048 a
1902 2973 2042 3049 sole
2097 2973 2500 3050 distantiam
2521 3008 2540 3063 ς
2593 2973 2783 3072 quod
2830 2972 2889 3047 si
2932 2973 3056 3048 fiat
3108 2993 3611 3049 rouoaun'rms
3660 2971 3997 3047 dicendus
4042 2969 4139 3046 sit

1077 3092 1480 3169 coelestium
1543 3117 1905 3193 corporum
1971 3092 2340 3168 distantias
2399 3093 2472 3167 in
2520 3117 2647 3167 suo
2690 3090 3101 3167 laboratorio
3144 3090 3556 3165 definivisse.
3660 3089 3857 3165 Haec
3897 3096 4133 3164 autem

1077 3234 1188 3288 res
1235 3214 1483 3311 quanti
1529 3214 1783 3289 laboris
1838 3214 2046 3290 fuerit
2066 3274 2087 3304 ‚
2137 3220 2294 3289 tum
2345 3214 2629 3289 demum
2679 3212 2933 3313 poterit
2972 3208 3271 3309 intelligi
3292 3268 3313 3299 ‚
3366 3209 3425 3283 si
3472 3207 3710 3284 dixero
3764 3230 4133 3285 roucann·

1083 3354 1310 3423 nun,
1360 3334 1635 3409 auxiliis
1671 3341 1978 3410 utentem
2027 3332 2409 3409 mechanici
2452 3333 2712 3434 egregii
2744 3354 3158 3420 raousnrr,
3204 3328 3571 3405 duodecim
3606 3352 3829 3405 annos
3861 3329 4131 3429 impen-
4224 3315 4231 3323 ’

1089 3451 1275 3526 disse
1295 3509 1315 3540 ,
1387 3461 1470 3527 ut
1538 3460 1678 3527 tam
1749 3451 2034 3527 subtilia
2090 3452 2412 3527 redderet
2474 3451 2938 3526 instrumenta
2984 3475 3110 3525 sua
3129 3509 3150 3540 ‚
3220 3458 3303 3524 ut
3348 3448 3887 3525 minutissimam
3939 3448 4131 3523 illam

1083 3571 1312 3646 metiri
1400 3581 1635 3671 posset
1719 3572 2050 3671 temporis
2141 3572 2549 3672 particulam
2571 3631 2590 3661 ,
2675 3596 2818 3672 qua
2893 3572 3013 3646 lux
3088 3569 3425 3671 percurrit
3502 3570 3803 3670 spatium
3887 3568 4134 3667 viginti

1083 3690 1404 3766 ulnarum
1428 3751 1449 3781 ‚
1499 3716 1680 3790 quae
1723 3692 2063 3791 particula
2100 3692 2204 3768 vel
2245 3692 2472 3768 minor
2516 3699 2624 3765 est
2662 3715 2873 3789 quam
2924 3691 3317 3767 cuiusmodi
3364 3689 3624 3767 centies
3668 3687 4131 3790 quinquagies

1083 3808 1270 3886 mille
1319 3811 1756 3887 millesimam
1805 3820 2074 3912 partem
2127 3812 2472 3888 secundae
2518 3812 2971 3888 constituunt.

1182 3932 1812 4007 Instrumentorum
1883 3942 2120 4015 autem
2177 3915 2587 4032 compositio
2639 3930 2711 4005 in
2769 3931 2919 4007 dies
2974 3928 3339 4031 perfectior
3394 3936 3467 4004 et
3520 3928 3899 4005 intricatior
3932 3951 4127 4029 quae

1085 4051 1462 4126 multorum
1555 4051 2081 4128 admirationem
2171 4054 2465 4143 excitat,
2554 4050 2797 4127 eadem
2890 4050 3133 4125 multis
3214 4072 3493 4149 quoque
3564 4071 3901 4148 magnum
3978 4071 4125 4123 mo·

1089 4180 1202 4244 vet
1274 4170 1602 4245 taedium.
1705 4172 1866 4245 Non
1931 4172 2150 4247 cuivis
2210 4172 2473 4247 homini
2536 4172 2793 4248 scilicet
2854 4171 3198 4271 contingit
3262 4170 3575 4245 habitare
3650 4166 3970 4258 Parisiis,
4053 4174 4129 4244 et

1087 4315 1296 4389 quam
1345 4291 1549 4389 pauci
1595 4300 1759 4365 sunt
1778 4350 1797 4379 ,
1849 4292 2108 4391 quibus
2153 4316 2260 4367 res
2307 4292 2684 4368 domestica
2736 4292 3093 4393 permittat
3136 4295 3366 4365 tantos
3406 4296 3681 4365 sumtus
3722 4288 4126 4389 impendere

1087 4409 1178 4485 ad
1241 4410 1700 4509 comparanda
1763 4410 1896 4487 sibi
1967 4412 2429 4487 instrumenta
2494 4411 2990 4510 pretiosissima
3012 4412 3049 4485 P
3149 4410 3311 4485 Non
3378 4430 3533 4484 mro
3594 4408 3813 4508 igitur
3872 4408 3995 4496 fit,
4044 4414 4129 4482 ut

1087 4528 1544 4630 peritissimus
1597 4532 1960 4631 physicus,
2032 4532 2156 4632 qui
2197 4556 2336 4608 non
2383 4541 2491 4607 est
2538 4533 2610 4608 in
2658 4532 2777 4607 illo
2824 4532 3184 4607 beatorum
3236 4552 3567 4618 numero,
3616 4553 3659 4603 a
3706 4527 3953 4603 multis
4008 4550 4149 4602 ex·-

1083 4648 1582 4748 plorationibus
1625 4650 1970 4725 abstinere
2013 4661 2338 4751 cogatur,
2391 4650 2789 4751 praesertim
2834 4648 2921 4723 iis
2978 4674 3157 4748 quae
3200 4654 3517 4749 spectant
3561 4647 3653 4724 ad
3698 4646 3924 4748 leges),
3971 4646 4126 4747 qui·

1084 4768 1218 4843 bus
1289 4769 1712 4866 quantitates
1779 4792 2008 4845 rerum
2078 4770 2760 4847 circumscribuntur.
2863 4768 3002 4845 Sed
3054 4778 3161 4846 est
3205 4792 3369 4845 sane
3415 4767 3605 4870 quod
3658 4767 4126 4868 gaudeamus,
