4728 5991
1066 581 1071 586 ’
1169 596 1305 664 324
2138 597 2524 662 semes
2593 593 3252 662 Lana-lowen.

1177 805 1543 880 Emercitia
1590 804 1937 902 analytica
1984 803 2059 878 in
2106 802 2552 878 Laboratorio
2604 800 3076 878 moderabitur
3123 799 3433 902 quotidie
3483 799 3668 876 horis
3713 797 4065 887 Ix—IV3

1178 925 1268 999 In
1328 948 1537 998 usum
1599 922 1959 1024 publicum
2030 924 2342 999 Chemiae
2403 923 2893 1021 technoloyicae
2944 922 3170 1022 capita
3225 928 3524 1020 exponet
3580 918 3765 994 horis
3812 915 4187 1018 vespertinis

1274 1053 1515 1145 postea
1559 1042 1968 1119 indicendis,

1649 1276 1939 1352 CORN.
1992 1275 2351 1352 AN'I'ON.
2405 1275 2744 1350 IOANN.
2795 1275 3158 1353 ABRAH.
3210 1276 3752 1351 OUDEMANS

1182 1521 1565 1596 Batanicen
1616 1517 2004 1617 penmalem
2047 1515 2273 1589 tradet
2316 1514 2429 1589 die
2477 1515 2720 1590 Lunae
2742 1574 2763 1603 ,
2830 1515 3014 1590 horis
3057 1513 3454 1602 VIII—X;
3513 1515 3866 1614 specialem
3921 1513 4032 1588 die
4075 1514 4184 1588 Ve-

1280 1638 1464 1715 neris
1485 1695 1505 1726 ,
1554 1636 1740 1710 horis
1788 1633 2142 1707 VIII—X
2162 1668 2181 1722 ;
4017 1621 4022 1630 ’

1183 1758 1586 1833 Anatomiae
1642 1763 1711 1829 et
1780 1753 2258 1851 Physioloyiae
2316 1755 2707 1852 plantarum
2761 1753 2988 1853 capita
3034 1753 3284 1830 selecta
3329 1761 3627 1854 exponet
3671 1754 3922 1830 diebus
3971 1752 4186 1828 Martis

1279 1887 1353 1952 et
1398 1875 1582 1950 Iovis
1602 1932 1623 1964 ‚
1673 1873 1840 1946 hora
1886 1871 1995 1960 X;
3971 1857 3982 1869 ”

1182 1995 1811 2092 Pharmacoloyiam
1865 1991 2252 2090 ⁴qenai-alem
2319 2000 2389 2066 et
2459 1992 2812 2090 specialem
2878 1990 3168 2080 docebit,
3222 1990 3472 2066 diebus
3526 1992 3803 2082 Lunae,
3853 1992 4093 2068 Martis
4128 1999 4187 2066 et

1280 2111 1650 2201 Mercurii,
1699 2111 1867 2185 hora
1916 2109 2087 2184 ΧΠ.

2238 2250 2846 2326 GUILIELMUS
2895 2251 3169 2325 MOLL

1180 2471 1406 2550 tradet
1448 2471 1832 2546 Historiam
1881 2467 2239 2542 Ecclesiae
2297 2467 2543 2541 Christ.
2589 2469 2664 2540 in
2690 2470 2940 2564 patria
2983 2477 3217 2546 nostra
3259 2469 3508 2544 diebus
3550 2467 3734 2544 Iovis
3775 2477 3848 2544 et
3893 2469 4182 2556 Veneris,

1273 2592 1441 2667 hora
1486 2589 1679 2677 XII;

1180 2712 1564 2788 Historiam
1633 2706 2075 2781 universalem
2140 2704 2524 2802 Reliqionis
2584 2712 2657 2779 et
2719 2707 3080 2780 Ecclesiae
3159 2707 3315 2780 Chr.
3385 2703 3634 2780 diebus
3691 2689 3946 2782 Martis
3960 2765 3980 2796 ,
4027 2707 4182 2780 Mer·

1275 2829 1450 2906 curii
1498 2833 1569 2901 et
1616 2825 1842 2914 Iovia,
1893 2823 2059 2898 hora
2109 2822 2216 2896 XI
2238 2853 2260 2912 3

1184 2951 1605 3049 Theoloyiam
1653 2947 2090 3044 doymaticam
2138 2941 2388 3017 iisdem
2437 2941 2684 3017 diebus
2704 2993 2726 3033 ,
2776 2941 2940 3017 hora
2989 2941 3140 3032 1x;

1180 3069 1431 3145 Studia
1489 3065 1581 3140 ad
1642 3064 2214 3138 Introductionem
2278 3064 2351 3135 in
2429 3064 2850 3162 Theoloyiam
2899 3069 2969 3137 et
3017 3062 3108 3137 ad
3158 3063 3542 3137 Historiam
3589 3062 3950 3138 Ecclesiae
3993 3062 4181 3139 Νθέν-

1278 3188 1589 3263 Iandicae
1651 3182 2063 3281 pertinentia
2125 3188 2197 3255 et
2264 3183 2816 3257 Eoeercitationes
2877 3182 3296 3258 homileticas
3337 3180 3811 3258 moderabitur
3853 3180 4087 3257 diebus
4123 3186 4186 3253 et

1280 3305 1467 3381 horis
1515 3302 1835 3401 deinceps
1883 3300 2288 3376 indicandis,

1766 3582 1776 3589 .
1871 3515 2526 3591 HIERONYMUS
2577 3516 2703 3589 DE
2751 3516 3073 3591 BOSCH
3120 3514 3522 3590 KEMPER

1076 3720 1079 3725 ’
1188 3716 1624 3817 quaestiones
1694 3711 1975 3785 selectas
2047 3735 2084 3784 e
2136 3708 2568 3809 philosophia
2640 3710 2834 3783 Iuris
2879 3718 2950 3784 et
2998 3734 3036 3783 e
3084 3709 3258 3783 Iure
3306 3711 3845 3785 administrativa
3896 3705 4184 3785 tractabit

1279 3834 1464 3911 horis
1512 3832 1671 3907 dein
1719 3828 2125 3905 indicandis.

1631 4034 2141 4109 MARTINUS
2190 4032 2371 4107 DES
2420 4033 2808 4107 AMORIE
2857 4034 3058 4110 VAN
3107 4035 3307 4109 DER
3355 4034 3762 4110 HOEVEN

1184 4254 1661 4328 Institutiones
1700 4250 1883 4346 Imp.
1936 4249 2317 4323 Iustiniani
2356 4250 2922 4347 interpretabitur
2963 4249 3214 4326 diebus
3259 4251 3549 4338 Martis,
3599 4250 3968 4341 Mercurii,
4025 4247 4184 4324 lovis

1280 4378 1353 4444 et
1398 4367 1686 4443 Veneris
1708 4425 1727 4455 ‚
1778 4367 1944 4441 hora
1992 4366 2103 4441 IX
2152 4369 2528 4457 matutina;

1184 4489 1569 4563 Histoiiam
1618 4488 1811 4559 Iuris
1860 4488 2156 4560 Romani
2204 4486 2549 4561 enarrabit
2593 4488 2842 4561 iisdem
2896 4487 3143 4563 diebus
3162 4546 3183 4578 ‚
3234 4487 3402 4561 hora
3449 4485 3557 4575 Χῖ,

1180 4608 1613 4706 Diyestorum
1664 4603 1913 4677 selecta
1958 4604 2183 4701 capita
2230 4602 2552 4677 tractabit
2599 4602 2842 4677 iisdem
2893 4604 3142 4679 diebus
3160 4662 3181 4694 ‚
3231 4604 3400 4678 hora
3451 4602 3562 4676 XI
3577 4635 3597 4691 ;

1184 4727 1577 4801 Methodum
1610 4725 2027 4821 procedendi
2073 4726 2148 4797 in
2194 4726 2416 4797 causis
2464 4724 2768 4797 civilibus
2811 4722 3039 4797 tradet
3085 4723 3334 4798 iisdem
3386 4719 3636 4797 diebus
3653 4780 3674 4812 ,
3727 4723 3894 4800 hora
3941 4723 4096 4798 XII.
