4728 5991
1099 611 1233 678 270
2051 608 2120 674 E.
2190 609 2239 675 1.
2310 607 2629 674 DlEs‘r
2698 604 3200 673 LORGION

1098 817 1350 892 deinde
1419 816 1625 891 etiam
1649 874 1670 904 ‚
1740 826 2112 915 postquam
2180 815 2605 890 clarissimus
2674 837 3081 891 cosumus
3147 835 3247 888 nr.
3312 836 3529 889 wasa
3599 813 3775 888 rude
3843 815 4149 889 donatus

1097 949 1206 1013 est
1223 997 1243 1026 ‚
1325 936 1864 1037 metaphysicam
1944 935 2258 1010 docebat.
2387 937 2596 1010 Anno
2668 935 3017 1034 superiore
3086 942 3387 1009 exeunte
3460 934 3609 1033 ipse
3674 934 3769 1008 ob
3842 944 4143 1011 aetatem

1099 1058 1701 1157 septuagenariam
1744 1057 1919 1132 rude
1965 1056 2264 1131 donatus
2309 1064 2439 1131 est.
2538 1055 2737 1130 Tunc
2785 1054 2923 1129 iam
2977 1064 3381 1154 aegrotans,
3428 1054 3841 1129 revalescere
3891 1054 3959 1129 ei
4004 1078 4144 1131 non

1097 1191 1204 1253 est
1287 1179 1554 1253 datum.
1684 1178 1818 1251 Die
1885 1176 2207 1251 vicesimo
2273 1201 2459 1251 nono
2528 1176 2786 1250 mensis
2859 1176 3120 1273 Aprilis
3190 1176 3401 1251 huius
3464 1175 3631 1250 anni
3706 1175 3897 1250 diem
3970 1174 4147 1250 obiit

1097 1325 1525 1400 supremum.
1598 1340 1696 1355 -
1762 1297 1970 1372 Varia
2034 1321 2130 1371 nr.
2185 1320 2479 1371 canova
2538 1296 2759 1370 edidit
2808 1296 3100 1394 scripta,
3166 1320 3345 1394 quae
3394 1319 3535 1369 non
3584 1304 3859 1370 tantum
3911 1293 4144 1369 erudi·

1093 1420 1302 1494 tionis
1349 1418 1744 1493 testimonia
1795 1418 2164 1516 praebent,
2221 1417 2345 1492 sed
2392 1425 2465 1491 et
2508 1416 2773 1515 ingenii
2814 1415 3051 1505 liberi,
3111 1416 3303 1515 quod
3350 1440 3515 1499 eum
3558 1415 3887 1489 habuisse
3932 1414 4143 1489 etiam

1095 1548 1392 1614 testatur
1435 1539 1586 1614 eius
1633 1539 1726 1613 ad
1770 1539 2242 1613 Protestantes
2287 1537 2642 1612 transitus.
2745 1539 3032 1615 Quanta
3066 1536 3417 1612 doctrinae
3460 1535 3669 1611 laude
3707 1542 3891 1610 esset
3927 1535 4143 1634 insig-

1093 1662 1204 1735 nis
1284 1661 1447 1734 inde
1526 1667 1752 1758 patet,
1829 1658 2018 1756 quod
2081 1683 2266 1732 unus
2335 1683 2375 1731 e
2452 1658 2689 1756 paucis
2760 1656 2932 1745 fuit,
3007 1658 3133 1755 qui
3198 1681 3423 1755 quum
3494 1657 3875 1731 Academia
3953 1655 4145 1755 regia

1093 1781 1536 1855 scientiarum
1603 1778 1981 1877 erigeretur
1997 1836 2016 1866 ,
2087 1778 2154 1851 ei
2223 1777 2553 1876 adscripti
2626 1784 2812 1850 sunt.
2914 1775 3039 1849 Vir
3100 1776 3235 1850 fuit
3289 1776 3517 1852 bonus
3568 1786 3641 1851 et
3694 1785 4103 1853 mansuetus
4123 1834 4145 1863 ,

1087 1900 1374 1999 collegis
1417 1910 1490 1974 et
1538 1898 1871 1973 studiosis
1927 1896 2320 1971 benevolus.
2430 1896 2844 1994 Requiescat
2886 1896 2957 1970 in
3010 1897 3219 1994 pace!

1191 2020 1558 2095 Successor
1616 2019 1682 2092 ei
1739 2017 1946 2093 datus
2003 2025 2111 2094 est
2175 2018 2278 2090 vir
2343 2016 2769 2092 clarissimus
2839 2040 2985 2091 vsu
3057 2041 3203 2090 nna
3274 2041 3505 2091 wrcx.
3607 2016 3807 2105 Tibi,
3877 2016 4140 2115 collega

1088 2139 1708 2225 aestumatissime‚
1753 2145 1856 2211 tot
1899 2146 2230 2235 tantaque
2268 2136 2399 2211 hoc
2444 2160 2626 2211 anno
2663 2137 3111 2237 contigerunt
3148 2138 3368 2224 bona,
3408 2145 3487 2211 ut
3520 2137 3713 2213 nullo
3751 2136 3959 2211 modo
4010 2134 4139 2211 tibi

1086 2258 1420 2358 gratulari
1486 2257 1779 2356 possim,
1841 2266 2049 2356 prout
2101 2282 2334 2333 rerum
2398 2266 2753 2333 momenta
2820 2260 3195 2357 postulant.
3295 2259 3549 2333 Annus
3569 2316 3589 2345 ‚
3652 2268 3797 2332 tam
3852 2257 4143 2332 feliciter

1086 2378 1450 2453 inchoatus
1475 2386 1547 2451 et
1577 2376 1714 2452 huc
1763 2401 1982 2476 usque
2011 2378 2387 2475 perductus
2405 2436 2426 2467 ,
2465 2387 2537 2451 te
2564 2387 2727 2453 ante
2754 2380 2965 2453 finem
2989 2378 3359 2455 feliciorem
3385 2378 3593 2453 etiam
3626 2376 3895 2466 videat,
3931 2376 4139 2476 eique

1087 2499 1412 2575 succedat
1457 2498 1664 2598 longa
1709 2498 1916 2574 series
1955 2522 2337 2587 annorum,
2391 2498 2652 2597 quibus
2689 2507 2771 2573 tu
2816 2524 2956 2574 una
2996 2523 3158 2574 cum
3204 2497 3349 2573 tuis
3396 2499 3680 2597 optimis
3724 2498 3977 2572 fruaris
4022 2496 4139 2572 be-

1087 2621 1352 2696 neficiis
1397 2630 1468 2695 et
1514 2619 1934 2695 Academiae
1982 2628 2256 2695 nostrae
2303 2618 2399 2695 sis
2438 2627 2844 2694 ornamento
2892 2644 2973 2693 ac
3018 2618 3265 2695 decori.

1185 2743 1553 2819 Quantum
1605 2730 1937 2815 differunt
1983 2739 2128 2815 fata
2181 2739 2348 2815 anni
2407 2739 2759 2838 praeteriti
2807 2739 3243 2838 quorundam
3295 2738 3711 2837 collegarum
3734 2796 3755 2827 ,
3804 2737 3929 2837 qui
3982 2737 4137 2812 tris·

1085 2860 1355 2935 tissima
1410 2860 1718 2958 perpessi
1779 2860 1981 2934 sunt!
2103 2858 2487 2934 Vobiscum
2505 2916 2526 2947 ,
2594 2858 2719 2957 qui
2772 2858 2970 2934 luctu
3024 2858 3253 2934 affecti
3316 2858 3549 2934 fuistis
3610 2867 3685 2933 et
3736 2859 4139 2934 etiamnunc

1089 2980 1256 3056 estis
1277 3040 1296 3067 ,
1344 2978 1696 3054 doluimus
1743 2988 1815 3054 et
1853 2979 2194 3056 dolemus.
2297 2977 2441 3054 Sed
2483 2986 2785 3054 vestrum
2831 3003 3020 3054 nunc
3060 3001 3385 3056 renovare
3429 2978 3739 3055 dolorem
3786 2977 4137 3054 nolumus.

1088 3099 1434 3198 Optemus
1502 3099 1735 3196 potius
1757 3154 1778 3186 ,
1839 3109 2254 3198 sequentem
2315 3123 2584 3174 annum
2646 3098 3016 3174 feliciorem
3073 3098 3269 3174 vobis
3320 3099 3641 3174 futurum
3694 3107 3767 3173 et
3816 3097 4137 3186 vulnera,

1089 3217 1348 3316 quibus
1395 3217 1632 3292 afflicti
1679 3218 1845 3292 estis
1863 3275 1884 3308 ,
1937 3219 2346 3294 saniturum.

1188 3455 1642 3530 Memoranda
1679 3463 1844 3530 sunt
1886 3457 2093 3531 etiam
2115 3515 2134 3547 ,
2187 3483 2367 3557 quae
2402 3462 2769 3534 studiorum
2806 3461 3109 3536 subsidia
3146 3468 3484 3561 spectant.
3582 3461 3866 3548 Musca,
3916 3459 4135 3546 horti,

1086 3575 1504 3650 bibliotheca
1522 3629 1542 3666 ‚
1605 3577 2079 3652 nosocomium
2098 3635 2118 3666 ,
2190 3579 2631 3678 physicorum
2649 3637 2670 3668 ‚
2738 3580 3203 3655 chemicorum
3222 3638 3244 3670 ‚
3312 3579 3855 3680 chirurgicorum
3873 3637 3893 3668 ,
3960 3580 4132 3679 phy·

1087 3696 1566 3796 siologicorum
1653 3698 2270 3773 instrumentorum
2361 3709 2733 3799 apparatus
2816 3725 3091 3776 summa
3152 3725 3321 3776 cura
3390 3697 3789 3775 conservata
3868 3710 3941 3773 et
4012 3723 4135 3799 pro

1087 3817 1348 3892 viribus
1436 3827 1640 3892 aucta
1731 3829 1916 3894 sunt.
2039 3813 2411 3892 Caeterum
2496 3818 2667 3894 haec
2754 3826 3027 3895 tantum
3106 3818 3453 3895 monenda
3540 3819 3781 3895 habeo,
3906 3817 4127 3917 Supe-

1085 3938 1247 4012 riori
1327 3963 1509 4013 anno
1587 3948 1808 4014 rector
1895 3937 2304 4038 magnificus
2374 3937 2741 4014 nobiscum
2816 3939 3389 4030 communicavit,
3468 3963 3543 4013 se
3615 3949 3925 4013 metuere
3942 3997 3965 4026 ,
4043 3961 4133 4012 ne

1087 4067 1288 4130 vetus
1333 4057 1858 4133 hibernaculum
1873 4115 1894 4148 ,
1949 4058 2312 4134 arboribus
2357 4083 2399 4132 e
2448 4059 2891 4136 calidioribus
2937 4059 3337 4159 regionibus
3380 4056 3839 4149 destinatum,
3888 4059 4131 4134 aetatis

1085 4175 1242 4250 labe
1303 4185 1739 4276 corruptum,
1807 4178 1881 4252 in
1931 4178 2203 4253 ruinam
2263 4177 2577 4266 caderet,
2640 4203 2853 4278 seque
2908 4179 3125 4279 igitur
3184 4179 3422 4254 laetari
3443 4235 3463 4266 ,
3531 4202 3787 4253 novum
3848 4187 3921 4254 et
3968 4202 4124 4278 spa-

1085 4293 1340 4367 tiosum
1416 4295 1849 4394 frigidarium
1916 4297 2121 4396 eique
2176 4297 2507 4374 adiuncta
2564 4299 2931 4398 specialem
2996 4299 3073 4374 in
3134 4323 3342 4374 usum
3392 4299 3633 4374 horrea
3680 4299 3865 4373 intra
3922 4297 4125 4374 breve

1085 4420 1368 4510 tempus
1411 4422 1840 4490 exstructum
1878 4413 1984 4490 iri.
2083 4417 2288 4496 Quae
2331 4441 2517 4492 anno
2560 4419 3020 4518 praeter-lapso
3068 4427 3417 4494 exstructa
3456 4427 3661 4508 sunt,
3702 4443 3923 4517 eaque
3968 4417 4125 4517 pul·

1085 4531 1419 4608 cherrime
1437 4589 1458 4620 ‚
1526 4533 1622 4608 ita
1683 4542 1760 4607 ut
1825 4535 2277 4614 Academiam
2337 4561 2581 4614 ornare
2642 4539 2781 4614 dici
2839 4551 3269 4627 mereantur,
3328 4563 3471 4638 qua
3531 4538 3623 4613 de
3674 4563 3750 4612 re
3793 4536 4126 4614 lubentis-

1089 4649 1264 4724 sime
1348 4649 1508 4726 viris
1587 4650 2074 4751 amplissimis,
2152 4654 2571 4732 Academiae
2652 4656 3147 4750 Curatoribus,
3229 4659 3489 4759 gratias
3564 4660 3841 4758 agimus
3918 4681 4129 4758 quam

1087 4793 1446 4849 maximas.
