4728 5991
1023 589 1153 656 218
2034 592 2083 657 Ι.
2149 593 2197 656 l.
2264 614 2418 655 vai<
2478 591 3061 658 OOSTERZEE

1021 820 1201 895 quae
1264 803 1388 870 aut
1452 797 1739 872 fortuita
1804 806 1911 874 est
1975 841 2077 858 --
2126 806 2231 872 est
2282 806 2518 873 autem
2577 799 2982 873 universalis
3025 844 3129 862 -
3170 810 3294 875 aut
3348 803 3706 892 absoluta,
3755 805 4074 904 adeoque

1019 942 1062 989 a
1126 917 1317 1004 De0,
1393 917 1451 990 si
1521 917 1765 991 saltem
1840 919 2035 992 Deus
2102 919 2482 1016 personalis
2549 919 2799 993 existat
2851 945 2894 992 a
2951 921 3217 994 mundo
3275 946 3428 996 vere
3481 922 3894 1012 distinctus,
3945 949 4074 998 suo

1020 1046 1329 1134 tempore
1401 1037 1749 1135 modoque
1814 1037 2217 1135 implenda?
2310 1039 2554 1114 Falsae
2613 1040 3107 1138 patefactiones
3161 1067 3358 1116 verae
3407 1043 3760 1118 notionem
3809 1068 4068 1143 nequa·

1022 1181 1231 1253 quam
1280 1155 1641 1244 adimunt,
1692 1165 1766 1230 at
1808 1182 1966 1231 vero
2018 1159 2465 1247 confirmant,
2518 1160 2660 1231 imo
2695 1160 2784 1232 ad
2818 1160 2996 1234 banc
3029 1185 3256 1235 veram
3287 1161 3469 1235 viam
3501 1171 4068 1238 commonstrant.

1020 1275 1261 1350 Talem
1335 1285 1569 1350 autem
1648 1302 1923 1364 veram,
1997 1302 2389 1366 summam,
2465 1288 2816 1352 aeternam
2886 1280 3412 1378 patefactionem
3463 1306 3506 1355 a
3553 1282 3706 1356 Deo
3747 1283 3950 1357 nobis
3995 1284 4068 1357 in

1020 1396 1299 1470 Christo
1364 1421 1757 1471 concessam
1820 1422 2008 1484 esse,
2082 1399 2444 1496 hucusque
2489 1424 2759 1498 semper
2811 1401 3108 1473 credidit
3153 1425 3380 1500 neque
3435 1424 3746 1499 unquam
3795 1403 4072 1477 credere

1022 1517 1296 1589 desinet
1358 1516 1669 1590 Ecclesia
1740 1516 2043 1604 Christi,
2114 1518 2445 1616 nullaque
2514 1518 2648 1592 alia
2719 1520 3034 1617 quaestio
3081 1529 3328 1608 restat,
3397 1520 3534 1594 nisi
3593 1545 3770 1610 una,
3834 1531 4072 1596 utrum

1019 1635 1231 1708 huius
1278 1636 1765 1710 Patefactionis
1816 1638 2063 1710 veritas
2112 1637 2451 1711 obiectiva
2501 1647 2711 1736 atque
2762 1640 3083 1714 absoluta
3135 1640 3564 1738 argumentis
3613 1641 3780 1714 satis
3827 1641 4074 1714 validis

1020 1754 1285 1828 homini
1327 1756 1467 1830 veri
1513 1757 1871 1854 sanctique
1924 1757 2233 1830 studioso
2281 1757 2556 1855 probari
2606 1759 2841 1856 possit.
2945 1760 3061 1832 Ad
3109 1783 3320 1856 quam
3368 1758 3840 1856 quaestionem
3889 1761 4068 1834 affir-

1019 1876 1277 1948 mando
1340 1877 1795 1973 respondere,
1868 1900 1995 1948 nos
2063 1876 2255 1950 nullo
2326 1877 2536 1950 modo
2597 1903 2930 1951 veremur.
3035 1879 3190 1952 Scio
3257 1880 3584 1978 quidem,
3649 1878 3820 1954 haec
3863 1903 4070 1978 nigu-

1017 2003 1293 2081 menta,
1342 1995 1616 2068 interna
1685 2019 1905 2093 aeque
1952 2021 2033 2069 ac
2083 2006 2406 2084 externa,
2460 1998 2734 2095 saepius
2781 2008 2886 2071 tot
2935 1999 3284 2097 tantisque
3329 1999 3616 2073 vocibus
3669 2007 4074 2098 oppugnata

1019 2137 1209 2200 esse,
1283 2121 1365 2186 ut
1434 2114 1831 2189 firmissima
1909 2140 2029 2189 arx
2102 2117 2384 2190 tandem
2463 2118 2660 2191 valde
2740 2119 3054 2192 videatur
3123 2143 3468 2217 percussa.
3571 2118 3770 2192 Idem
3838 2127 4072 2193 tamen

1019 2233 1229 2308 etiam
1293 2234 1434 2309 scio
1453 2293 1473 2324 ,
1538 2261 1747 2334 quam
1812 2237 2149 2334 plurimas
2198 2235 2622 2311 obiectiones
2671 2263 3110 2337 nequaquam
3169 2248 3478 2312 recentes
3499 2297 3516 2324 ,
3568 2238 4072 2336 oppositionem

976 2363 1369 2453 ‚praeterea
1431 2364 1505 2429 et
1574 2356 1928 2430 victoriam
1996 2381 2439 2455 nequaquam
2505 2381 2890 2456 synonyma
2941 2358 3270 2432 vocabula
3321 2383 3472 2432 esse
3493 2417 3513 2446 ,
3565 2366 3780 2456 atque
3817 2358 4071 2432 hucus-

1020 2500 1192 2573 que,
1241 2475 1397 2574 ipss
1440 2476 1860 2573 experientia
1901 2486 2116 2565 teste,
2166 2488 2325 2576 post
2367 2477 2908 2553 innumerabiles
2952 2503 3363 2577 aggressus,
3403 2478 3802 2577 religionem
3834 2478 4072 2553 Chris·
4117 2557 4130 2564 ,

1016 2596 1273 2670 tianam
1344 2621 1616 2694 semper
1680 2606 1895 2696 caput
1948 2597 2276 2672 extulisse
2301 2656 2320 2686 ‚
2385 2598 2902 2696 gloriosioribus
2945 2597 3198 2672 laureis
3241 2598 3568 2673 cinctum.
3671 2599 4028 2673 Ponamus
4049 2657 4070 2687 ,

1021 2714 1382 2813 hucusque
1442 2739 1807 2814 nunquam
1878 2715 2047 2788 satis
2098 2715 2324 2789 lucide
2373 2717 2757 2814 expositam
2809 2741 2959 2790 esse
3010 2717 3478 2792 Revelationis
3529 2743 3599 2816 q.
3650 2718 3720 2792 d.
3775 2717 4072 2816 possibi-

1020 2835 1287 2908 litatem
1333 2836 1897 2932 metaphysicam,
1944 2837 2265 2933 quicam,
2317 2839 2678 2911 moralem.-
2728 2862 2899 2910 num
2945 2838 3198 2912 exinde
3245 2839 3384 2912 iam
3437 2838 3792 2936 sequitur,
3841 2838 4070 2937 ipsam

1017 2953 1558 3031 Patefactionem
1631 2953 1932 3053 amplius
1986 2954 2494 3031 admittendam
2559 2981 2696 3031 non
2753 2959 2956 3032 esse?
3027 2958 3377 3033 Ponamus
3399 3016 3418 3046 ,
3467 2955 3832 3033 formulam
3877 2957 4068 3031 suffi-

1016 3075 1310 3149 cientem
1388 3075 1701 3148 nondum
1772 3075 2212 3150 enunciatam
2276 3102 2467 3166 esse,
2541 3077 2682 3175 qufi
2745 3078 2879 3151 Dei
2929 3079 3016 3152 ad
3063 3078 3408 3153 mundum
3465 3078 3706 3153 relatio
3751 3084 4072 3153 accurate

1020 3193 1433 3267 describitur
1506 3194 1819 3292 Eiusque
1882 3197 1957 3267 in
2026 3196 2297 3269 mundo
2342 3197 2598 3295 agendi
2641 3198 2894 3271 modus
2943 3199 3350 3298 exponitur:
3403 3222 3548 3272 nun
3601 3198 3854 3272 exinde
3903 3222 4068 3272 con-

1018 3314 1256 3389 cludes
1279 3373 1299 3404 ,
1369 3314 1758 3389 absolutam
1840 3315 2411 3390 Personalitatem
2478 3317 2628 3391 iure
2687 3318 3298 3393 contradictionem
3359 3319 3432 3392 in
3483 3319 3756 3393 adiecto
3803 3318 4023 3393 vocari
4047 3376 4068 3405 ,

1018 3434 1349 3509 miracula
1418 3442 1655 3509 autem
1726 3435 1801 3509 in
1876 3435 2376 3535 sempiternum
2442 3436 2720 3511 admitti
2787 3463 2925 3511 non
2987 3440 3238 3537 posse?
3313 3420 3743 3537 Magnopere
3797 3462 4067 3526 vereor,

1022 3578 1110 3629 ne
1156 3555 1319 3653 quis
1363 3555 1493 3630 bac
1540 3554 1651 3629 via
1694 3556 2109 3655 procedens,
2162 3556 2351 3655 quod
2403 3556 2774 3631 Germanis
2811 3558 3170 3656 proverbio
3211 3566 3316 3632 est
3339 3616 3358 3647 ,
3409 3582 3704 3656 puerum
3753 3558 4070 3632 effundat

1019 3700 1181 3751 cum
1244 3676 1535 3765 balneo,
1600 3684 1673 3751 et
1740 3676 2075 3751 laudabili
2134 3677 2368 3751 studio
2417 3678 2720 3767 ductus,
2769 3686 2851 3751 ut
2903 3678 3072 3752 alios
3122 3704 3163 3751 a
3213 3681 3532 3775 mysterio
3581 3678 3867 3766 liberet,
3916 3678 4068 3777 ipse

1014 3796 1107 3870 ad
1180 3799 1666 3873 absurditatem
1738 3797 2113 3896 perveniat.
2232 3798 2427 3871 Inter
2497 3798 2904 3896 mysterium
2979 3804 3210 3872 autem
3281 3804 3492 3895 atque
3561 3797 4060 3872 absurditatem

1017 3918 1369 4015 optionem
1440 3942 1803 4017 nunquam
1878 3917 2004 3991 diu
2064 3916 2415 3991 difficilem
2479 3916 2694 4006 duxi,
2761 3942 2990 4015 neque
3039 3917 3226 3990 hunc
3277 3916 3602 3991 bonore·
3653 3916 3808 3992 Deo
3855 3918 4064 3991 dene-

1016 4036 1327 4134 gandum
1395 4044 1712 4135 putarem
1734 4096 1755 4125 ‚
1826 4036 2019 4135 quod
2096 4037 2353 4112 scilieet
2416 4038 2546 4112 llle
2568 4096 2589 4126 ,
2661 4038 3138 4137 omnipotens,
3211 4036 3348 4109 sibi
3415 4037 3776 4127 conscius,
3851 4038 4064 4111 libere

1019 4178 1271 4252 agens,
1342 4155 1608 4253 aliquid
1674 4156 2015 4255 cogitare,
2080 4157 2313 4255 loqui,
2377 4158 2642 4231 efficere
2685 4158 2938 4257 possit,
3005 4154 3194 4255 quod
3245 4164 3528 4255 captum
3579 4166 3652 4233 et
3707 4180 3940 4231 meum
3993 4164 4066 4230 et

1017 4272 1333 4347 omnium
1396 4274 1757 4350 hominum
1832 4284 2149 4375 superat,
2219 4278 2537 4375 quamvis
2600 4300 2962 4374 nun-quam
3029 4274 3446 4363 obiectivae,
3514 4277 3562 4350 i.
3615 4302 3676 4350 e.
3746 4284 4064 4351 aeternae

1018 4392 1303 4466 Rationi
1348 4395 1767 4493 oppositum.
1851 4395 2091 4471 Huius
2133 4396 2580 4471 inconcussae
2629 4397 2794 4471 fidei
2837 4394 3298 4479 fundamento
3343 4395 3666 4485 innixus,
3717 4395 4058 4471 calculum

1018 4512 1105 4587 iis
1156 4511 1455 4588 adfinem
1501 4539 1771 4613 nequeo
1790 4573 1812 4605 ,
1874 4515 2135 4615 quibus
2182 4517 2516 4591 miracula
2554 4516 2824 4591 Biblica
2875 4544 2922 4589 a
2953 4518 3187 4613 priori
3233 4515 3371 4589 iam
3421 4516 3636 4592 λίθοι
3679 4518 4060 4617 προσκόμ-

1016 4660 1271 4729 ματος
1335 4642 1627 4710 exstant.
1728 4636 1795 4709 A
1848 4635 2163 4735 scepticis
2218 4636 2460 4711 saltem
2512 4636 2874 4735 hucusque
2923 4635 3579 4711 demonstrationem
3637 4631 4062 4735 exspectavi·

1019 4778 1180 4827 mus
1254 4753 1546 4843 frustra,
1616 4800 1719 4817 —-
1789 4758 2418 4833 demonstrationem
2483 4756 2623 4831 veri
2687 4754 2986 4830 nominis
3047 4754 3202 4831 dico
3263 4798 3365 4813 -—
3425 4756 3568 4854 qua
3617 4755 3771 4831 luce
3813 4754 4062 4831 clarius
