4728 5991
993 564 1079 628 18
2189 564 2834 629 P.L.RYKE

983 793 1304 859 movere,
1355 794 1482 845 nec
1529 771 1916 872 quidquam
1969 794 2094 872 per
2143 796 2218 847 se
2264 772 2454 870 ipsas
2501 772 2818 845 efficere?
2890 772 3155 844 Revera
3202 768 3333 843 hoc
3374 794 3587 869 nego,
3640 771 4035 847 Auditores„

987 892 1175 965 Nam
1239 890 1501 989 pendet
1571 891 1855 991 quidem
1924 918 1966 967 a
2027 892 2379 966 voluntate
2445 900 2681 966 nostra
2730 898 2971 965 utrum
3021 890 3124 963 vis
3166 888 3554 987 applicatur
3594 914 3849 979 necne,
3916 892 4039 967 sed

983 1012 1139 1110 ipsa
1223 1010 1538 1086 voluntas
1603 1038 1744 1087 non
1817 1013 1996 1087 valet
2073 1013 2337 1087 efficere
2414 1011 2742 1086 laborem.
2856 1009 3090 1084 Labor
3158 1009 3451 1096 scilicet,
3534 1034 3745 1107 quem
3790 1035 4039 1110 corpus

987 1139 1305 1205 nostrum
1373 1157 1500 1231 pro
1565 1133 1918 1207 voluntate
1991 1139 2114 1206 aut
2184 1132 2405 1206 facere
2465 1139 2693 1231 potest
2770 1139 2894 1205 aut
2967 1152 3105 1203 non
3183 1128 3405 1203 facere
3423 1186 3445 1216 ,
3511 1129 3713 1205 unice
3780 1130 4039 1230 pendet

989 1276 1032 1325 a
1099 1250 1729 1349 permutationibus
1800 1251 2128 1325 chemicis
2149 1310 2170 1339 ,
2240 1276 2415 1350 quas
2489 1252 2798 1327 subeunt
2862 1251 3191 1325 alimenta
3266 1258 3525 1325 nostra.
3634 1251 3857 1325 Aufer
3920 1250 4037 1326 illa

985 1369 1314 1445 alimenta
1363 1378 1435 1445 et
1487 1370 1680 1444 brevi
1731 1369 1995 1445 videbis
2041 1371 2212 1469 quid
2262 1372 2348 1446 de
2394 1371 2627 1447 labore
2676 1372 2835 1460 fiat,
2886 1372 2993 1445 vel
3044 1370 3275 1469 potius
3324 1370 3498 1445 nihil
3547 1371 3699 1446 fieri
3744 1371 4031 1447 videbis.

1085 1489 1299 1566 Quod
1367 1491 1577 1565 modo
1637 1490 1783 1564 dixi
1850 1490 2016 1565 Vim
2079 1514 2217 1563 non
2288 1514 2489 1589 posse
2546 1490 2903 1576 consumi,
2970 1488 3195 1587 quivis
3238 1488 3434 1565 facile
3482 1490 3863 1591 intelliget,
3911 1490 4033 1589 qui

985 1609 1253 1684 noverit
1311 1633 1465 1684 eam
1536 1611 1670 1684 vim
1701 1668 1722 1699 ,
1797 1636 1977 1709 quae
2040 1618 2405 1685 consumta
2474 1610 2826 1698 videatur,
2890 1610 3219 1685 continuo
3271 1611 3343 1683 in
3398 1611 3605 1685 aliam
3659 1612 3797 1685 vim
3848 1612 4028 1687 eius·

985 1729 1148 1803 dem
1201 1730 1612 1828 quantitatis
1659 1733 1969 1806 transire.
2071 1732 2292 1806 Cuius
2356 1731 2455 1805 rei
2510 1731 2847 1805 rationem
2915 1730 3038 1828 qui
3084 1755 3222 1804 non
3270 1730 3485 1829 probe
3533 1730 3798 1805 noverit
3850 1731 4033 1807 dicet

980 1849 1310 1924 fortasse:
1385 1874 1474 1924 en
1537 1851 1793 1925 molem
1861 1850 2050 1925 illam
2121 1852 2401 1950 adspice
2468 1850 2842 1937 aheneam,
2908 1850 2999 1923 ab
3078 1849 3205 1923 hoc
3285 1850 3437 1948 ipso
3460 1908 3482 1938 ,
3562 1860 3639 1923 ut
3724 1850 4027 1940 videtur,

981 1994 1237 2044 nomen
1286 1971 1616 2069 adeptum
1638 2028 1657 2057 ,
1701 1970 1891 2069 quod
1943 1970 2075 2045 alia
2117 1993 2399 2067 corpora
2444 1967 2591 2043 loco
2644 1976 2953 2055 moveat,
3008 1968 3259 2042 molem
3302 1967 3490 2043 illam
3532 1993 3711 2067 quae
3750 1970 4027 2069 longam

985 2090 1232 2164 seriem
1285 2090 1750 2188 plaustrorum
1798 2115 2034 2165 secum
2087 2089 2336 2177 trahit,
2402 2088 2555 2187 ipsa
2599 2088 2823 2187 magis
2872 2088 3107 2161 volans
3152 2112 3365 2185 quam
3410 2114 3691 2164 currens
3714 2150 3734 2177 ,
3801 2114 4031 2166 nonne

983 2208 1103 2284 illa
1169 2210 1384 2283 moles
1461 2211 1597 2284 vim
1654 2211 2051 2285 consumit?
2130 2209 2303 2308 quid
2363 2209 2582 2307 igitur
2646 2232 2772 2306 pro
2839 2206 3254 2282 carbonibus
3320 2207 3473 2281 istis
3540 2209 3771 2283 reddit
3840 2210 4029 2309 quod

982 2330 1215 2404 denuo
1277 2330 1572 2405 eandem
1633 2330 1771 2404 vim
1835 2331 2098 2405 efficere
2159 2328 2432 2428 possit?
2514 2328 2663 2407 Qui
2724 2328 2821 2402 sic
2880 2328 3242 2426 loquatur,
3312 2352 3543 2403 vereor
3588 2353 3677 2404 ne
3732 2354 3842 2405 me
3889 2354 4027 2406 non

980 2449 1437 2540 intellexerit,
1487 2451 1884 2525 Auditores.
1985 2451 2157 2524 Dixi
2203 2449 2693 2525 tantummodo
2739 2448 2879 2523 vim
2922 2472 3062 2522 non
3110 2472 3311 2547 posse
3358 2448 3606 2537 deleri;
3660 2475 3799 2526 non
3838 2450 4024 2540 dixi,

979 2568 1119 2643 vim
1189 2594 1330 2645 non
1395 2572 1495 2645 ita
1555 2550 1758 2670 posse
1805 2568 2190 2657 transferri,
2255 2576 2377 2657 ut,
2446 2567 2507 2641 si
2547 2567 2881 2642 translata
2922 2565 3055 2653 sit,
3104 2589 3187 2639 ea
3229 2563 3461 2639 denuo
3510 2567 3618 2641 uti
3658 2568 4024 2667 possimus.

975 2690 1121 2764 Sed
1183 2690 1552 2767 redeamus
1611 2690 1707 2765 ad
1770 2691 2078 2790 plaustra
2139 2688 2260 2763 illa
2318 2688 2636 2763 volantia.
2739 2689 2943 2766 Quae
2994 2708 3239 2761 caussa
3288 2693 3395 2759 est
3440 2686 3631 2783 quod
3674 2712 3758 2762 ea
3800 2712 4026 2765 carere

971 2834 1119 2885 non
1159 2808 1431 2909 possint
1467 2810 1536 2882 vi
1566 2809 1873 2907 quadam
1913 2809 2291 2885 continua?
2339 2808 2539 2887 Quid
2583 2808 2773 2883 aliud
2814 2808 2948 2881 nisi
2984 2806 3175 2905 quod
3216 2814 3334 2879 aer
3360 2808 3851 2906 propellendus
3874 2816 4023 2900 est,

976 2930 1174 3030 quod
1239 2929 1486 3005 tritura
1553 2930 1996 3030 superanda?
2072 2930 2290 3005 Recte
2356 2928 2679 3030 quidem;
2750 2928 2874 3004 sed
2924 2951 3013 3002 ex
3074 2925 3195 3000 illa
3252 2925 3498 3002 tritura
3554 2951 3787 3004 nonne
3840 2929 4027 3006 calor

975 3051 1356 3140 excitatur,
1427 3045 1500 3125 et
1565 3058 1686 3126 aer
1746 3050 1864 3125 ille
1929 3051 2300 3151 propulsus
2345 3075 2581 3126 nonne
2634 3049 2995 3124 movetur?
3062 3046 3465 3123 Certissime
3480 3081 3501 3136 ;
3569 3049 4022 3146 quamobrem

975 3170 1191 3246 etiam
1255 3171 1440 3247 calor
1499 3170 1616 3245 ille
1689 3179 1762 3246 et
1840 3179 1960 3246 aer
2019 3172 2135 3246 ille
2199 3179 2469 3260 motus,
2540 3170 2601 3245 si
2664 3171 2873 3245 modo
2938 3169 3273 3244 sciremus
3338 3168 3707 3259 adhibere,
3772 3195 4023 3248 novam

975 3315 1259 3392 operam
1323 3299 1674 3392 praestare
1721 3299 2045 3392 possent.
2148 3291 2344 3373 Quid
2398 3299 2634 3368 autem
2683 3299 2803 3367 aer
2848 3299 3083 3366 motus
3128 3290 3393 3366 efficere
3444 3289 3663 3389 possit
3710 3291 4021 3389 quotidie

973 3413 1296 3487 videmus
1339 3413 1415 3486 in
1463 3412 1686 3487 molis.

1075 3535 1177 3605 At
1224 3532 1396 3630 quid
1446 3532 1557 3606 hic
1605 3533 2160 3607 commemorasti
2211 3540 2626 3631 perpetuum
2670 3530 2843 3605 illud
2900 3529 3207 3604 mobile?
3280 3532 3474 3604 Num
3524 3529 3741 3630 igitur
3786 3540 4020 3606 nostra

975 3651 1261 3726 demum
1308 3658 1537 3726 aetate
1589 3650 1968 3750 probatum
2015 3663 2122 3725 est
2161 3651 2237 3725 id
2285 3675 2425 3726 non
2475 3675 2675 3750 posse
2718 3649 3049 3748 reperiri?

1075 3772 1368 3848 Constat
1421 3771 1706 3870 quidem
1725 3829 1748 3860 ,
1809 3769 2190 3846 Auditores
2208 3830 2229 3859 ,
2295 3797 2336 3846 e
2405 3783 2590 3845 certa
2652 3769 2954 3868 quadam
3014 3769 3403 3868 quantitate
3450 3771 3553 3844 vis
3600 3771 4019 3870 impellentis

973 3890 1644 3990 cuiuscunquemodi
1725 3890 1817 3966 sit
1899 3891 2092 3990 quod
2167 3891 2583 3967 adhibeatur
2664 3889 3210 3988 instrumentum
3232 3947 3251 3977 ,
3331 3914 3471 3964 non
3550 3890 3687 3964 nisi
3758 3900 4015 3966 certam

975 4009 1440 4108 quantitatem
1515 4034 1762 4111 operae
1845 4001 2052 4110 posse
2117 4011 2429 4111 produci.
2556 4011 2785 4086 Nemo
2858 4016 3090 4085 tamen
3162 4009 3395 4084 adhuc
3464 4009 3823 4107 probavit,
3890 4035 4015 4086 nec

969 4129 1302 4230 probabit
1378 4151 1720 4228 unquam,
1786 4131 2068 4230 opinor,
2139 4155 2278 4204 non
2340 4153 2542 4228 posse
2602 4126 2976 4228 excogitari
3050 4127 3637 4218 instrumentum,
3704 4152 3847 4226 quo
3914 4129 4017 4204 vis

972 4251 1396 4350 producatur
1481 4258 1814 4349 perpetuo
1903 4249 2291 4348 impellens.
2422 4249 2682 4322 Contra
2774 4273 2970 4336 vei-03
3052 4247 3115 4322 si
3188 4245 3493 4322 effectus
3556 4248 4017 4324 electricitatis

971 4369 1324 4445 Voltaicae
1387 4371 1589 4444 unice
1657 4370 2155 4445 adscribendus
2213 4369 2328 4445 sit·
2357 4369 2745 4457 contactui,
2807 4368 3000 4467 quod
3062 4367 3229 4442 olim
3300 4367 3509 4466 vulgo
3571 4369 4014 4460 credebatur,

973 4489 1304 4588 quodque
1369 4513 1558 4564 nunc
1613 4489 1833 4564 etiam
1903 4499 2072 4565 sunt
2131 4489 2256 4589 qui
2320 4489 2780 4576 contendant,
2850 4487 3153 4562 multum
3214 4486 3415 4562 abest
3483 4495 3561 4562 ut
3611 4511 4015 4564 censeamus

970 4622 1386 4710 perpetuum
1421 4610 1676 4686 mobile
1709 4634 1848 4684 non
1888 4635 2090 4711 posse
2133 4633 2288 4684 esse
2325 4609 2463 4684 nisi
2496 4608 2753 4684 falsum
2793 4605 3137 4708 opinionis
3174 4614 3665 4682 commentum.
3732 4607 4014 4682 Etenim

967 4729 1058 4803 ad
1119 4727 1298 4802 hanc
1362 4751 1509 4802 rem
1568 4727 1754 4802 nihil
1811 4728 2008 4806 aliud
2071 4753 2247 4828 opus
2319 4728 2488 4818 erit,
2556 4726 2693 4802 nisi
2756 4734 2831 4801 ut
2896 4726 3286 4804 inveniatur
3336 4726 3621 4802 materia
3672 4725 4013 4824 quaedam
