4728 5991
1844 602 2404 672 ORATIO.
3507 602 3642 672 219

593 825 829 916 pateat
848 873 869 903 ,
942 813 1215 888 divinae
1282 812 1407 887 has
1468 809 1847 886 maiestatis
1900 812 2390 910 patefactiones
2433 835 2595 888 cum
2643 809 2946 886 anilibus
2987 810 3264 888 fabellis
3309 809 3636 909 aequipa-

590 936 843 1012 randas
906 955 1098 1022 ease,
1148 932 1261 1007 'ab
1329 929 1727 1029 Empiristis
1792 939 2030 1006 autem
2098 931 2452 1006 meliorem
2513 931 2682 1006 iuris
2735 930 3310 1020 vindicationem,
3359 954 3502 1028 quo
3551 954 3636 1004 ex

592 1053 1017 1155 experientia
1084 1051 1499 1126 contendere
1546 1063 1849 1150 pergunt
1900 1052 2228 1127 miracula
2282 1075 2424 1126 non
2477 1051 2626 1126 fieri
2657 1076 2882 1148 posse.
2993 1053 3246 1128 uNunc
3293 1075 3432 1126 non
3487 1073 3636 1128 am·

592 1177 777 1276 plius
842 1173 995 1248 fieri
1058 1173 1352 1248 solent.''
1454 1171 1653 1246 Num
1715 1171 1847 1245 tibi
1914 1195 2156 1246 omnes
2222 1179 2508 1246 naturae
2583 1171 2772 1270 leges
2841 1171 2982 1248 iam
3049 1171 3368 1271 cognitae
3435 1179 3638 1260 sunt;

592 1319 823 1370 nonne
884 1315 1065 1392 quae
1134 1299 1315 1366 terra
1379 1291 1721 1366 Miracula
1782 1301 2175 1388 nuncupat,
2228 1291 2472 1366 eadem
2517 1290 2804 1366 fortasse
2851 1292 2926 1366 in
2971 1292 3160 1367 coelo
3215 1291 3484 1372 Natura
3534 1289 3640 1362 di·-

590 1422 848 1488 cuntur
906 1413 1023 1504 ¹)P
1108 1411 1501 1484 nSensuum
1546 1411 2023 1484 testimonium
2082 1435 2207 1484 nos
2266 1411 2464 1486 facile
2518 1410 2832 1510 decipere
2879 1413 3178 1511 potest.”
3281 1413 3444 1490 Quo
3489 1410 3640 1484 iure

594 1533 811 1631 igitur
878 1531 971 1606 ad
1044 1529 1539 1629 experientiam
1612 1538 1945 1629 perpetuo
2016 1553 2382 1629 provocare
2449 1530 2640 1606 haud
2713 1532 3024 1606 desinis?
3119 1532 3404 1606 nTestes
3453 1531 3644 1606 nulla

596 1651 731 1726 sub
770 1649 1165 1725 conditione
1212 1649 1583 1738 credendi,
1618 1651 1741 1750 qui
1770 1651 1935 1726 talia
1966 1650 2280 1724 inaudita
2306 1650 2806 1754 proclamant.’'
2859 1651 3164 1726 Ubinam
3197 1650 3476 1726 tandem
3515 1650 3644 1724 hoc
3767 1707 3776 1718 .

598 1771 807 1846 modo
848 1771 1077 1845 omnis
1122 1769 1467 1844 certitudo
1520 1769 1607 1844 de
1654 1770 1864 1845 rebus
1908 1777 2113 1844 antea
2165 1769 2382 1868 gestis
2406 1827 2426 1857 ,
2477 1771 2704 1846 omnis
2753 1771 2930 1846 fides
2981 1771 3304 1846 historica
3357 1771 3646 1845 manet?

596 1891 737 1966 Sed
802 1915 973 1988 age,
1042 1888 1177 1964 iam
1226 1913 1435 1986 parvo
1476 1891 1804 1989 temporis
1862 1897 2213 1964 momento
2256 1914 2637 1990 ponamus,
2689 1915 2934 1966 omnes
2980 1891 3104 1966 has
3147 1897 3388 1966 contra
3439 1890 3643 1964 mira-

596 2011 751 2086 cula
807 2009 1229 2085 obiectiones
1296 2010 1659 2109 hucusque
1728 2035 2086 2110 nunquam
2160 2010 2327 2084 satis
2397 2008 2658 2084 solutas
2715 2035 2900 2100 esse,
2951 2035 3182 2110 neque
3225 2011 3428 2110 plane
3477 2009 3651 2084 solvi

598 2129 907 2229 potuisse
930 2187 951 2218 ,
1004 2129 1135 2204 hoc
1182 2130 1425 2205 saltem
1471 2155 1513 2204 a
1565 2131 1881 2230 Sceptico
1926 2140 2161 2204 nostro
2210 2137 2693 2228 exspectemus
2746 2157 2870 2229 par
2917 2137 3063 2219 est,
3133 2137 3214 2204 ut
3265 2129 3468 2204 nobis
3519 2131 3651 2204 Ec·-

598 2249 845 2324 clesiae
920 2261 1133 2346 atque
1204 2249 1587 2348 Religionis
1658 2249 2091 2324 Christianae
2152 2249 2493 2348 originem
2513 2308 2533 2337 ,
2595 2249 2788 2324 omni
2833 2251 3120 2325 omnino
3169 2251 3500 2325 miraculo
3543 2273 3649 2324 re·

602 2367 819 2455 iecto,
871 2367 1237 2443 sufficienti
1282 2369 1491 2444 modo
1534 2379 1856 2468 exponat.
1960 2367 2175 2447 Quod
2216 2369 2580 2466 hucusque
2629 2369 2876 2443 saltem
2927 2370 3242 2444 nondum
3293 2377 3650 2468 peractum

606 2511 793 2576 esse,
858 2511 999 2562 non
1060 2496 1167 2562 est
1207 2489 1396 2586 quod
1452 2488 1560 2563 vel
1611 2511 1981 2587 negemus,
2036 2487 2140 2561 vel
2180 2511 2392 2584 supra
2441 2485 2730 2560 modum
2781 2485 3132 2562 miremur.
3233 2487 3416 2560 Mihi
3465 2493 3648 2562 certe

604 2607 1203 2707 persuasissimum
1274 2618 1421 2698 est,
1488 2607 1871 2684 Ecclesiam
1922 2606 2500 2706 Religionemque
2553 2605 2814 2680 Christi
2853 2615 3214 2680 aeternum
3259 2629 3410 2680 esse
3455 2629 3650 2680 man-

606 2751 831 2802 suram
908 2729 1268 2828 aenigma,
1340 2729 1475 2804 nisi
1544 2732 1961 2806 concedatur
1984 2787 2003 2816 ,
2080 2737 2448 2827 utramque
2521 2735 3062 2827 superstructam
3133 2726 3348 2801 fuisse
3402 2725 3654 2800 funda-

608 2856 841 2922 mento
906 2849 1413 2948 supranaturali
1474 2857 1547 2924 et
1597 2850 1801 2949 plane
1858 2848 2285 2924 miraculoso.
2387 2846 2684 2922 Etiamsi
2731 2845 2924 2920 nulla
2973 2846 3106 2920 alia
3153 2845 3244 2921 N.
3273 2845 3354 2920 Τ.
3398 2845 3655 2943 scripta

607 2967 971 3045 admittam
996 3028 1017 3058 ,
1078 2969 1217 3045 nisi
1260 2970 1679 3070 paucissima
1721 2970 1879 3060 illa,
1928 2995 2107 3069 quae
2155 2967 2357 3045 nobis
2395 2967 2590 3045 crisis
2635 2967 3104 3068 Tubingensis
3144 2965 3466 3066 reliquit,
3517 2965 3652 3041 hoc

610 3112 697 3163 ex
742 3089 829 3163 iis
880 3089 1049 3164 satis
1096 3116 1443 3191 superque
1490 3100 1815 3191 apparet,
1866 3089 1939 3165 in
1980 3093 2329 3189 primaeva
2381 3090 2686 3167 Ecclesia
2735 3089 2934 3189 signa
2979 3100 3054 3163 et
3095 3088 3412 3188 prodigia
3459 3087 3652 3161 exhi-

613 3208 755 3283 bita
812 3208 1064 3298 fuisse,
1138 3236 1316 3309 quae
1382 3238 1425 3286 a
1493 3212 1793 3287 naturali
1860 3235 2095 3287 rerum
2154 3236 2367 3285 cursu
2417 3209 2606 3286 haud
2653 3234 2900 3309 parum
2957 3210 3392 3285 decederent.
3498 3208 3656 3283 Hoc

608 3352 825 3425 aeque
882 3341 1151 3405 certum
1176 3388 1198 3419 ,
1265 3332 1759 3431 Apostolorum
1825 3334 2037 3407 fidem
2098 3332 2169 3407 in
2232 3334 2470 3406 Iesum
2535 3330 2918 3405 redivivum
2940 3390 2961 3420 ,
3011 3330 3128 3407 cui
3179 3334 3656 3429 superstructa

610 3458 715 3522 est
758 3449 1065 3523 Ecclesia
1110 3450 1409 3541 Christi,
1462 3452 1656 3526 nullu
1697 3452 1863 3525 satis
1908 3450 2251 3549 probabili
2296 3452 2562 3553 ratione
2609 3449 2971 3548 hucusque
3015 3449 3424 3549 explicatam
3467 3472 3654 3535 esse,

612 3568 743 3641 nisi
808 3569 1139 3645 miraculo
1192 3572 1707 3647 resurrectionis
1756 3571 2061 3645 admisso
2105 3574 2195 3663 ³).
2298 3572 2458 3645 Hoc
2507 3594 2666 3643 vero
2717 3570 3220 3657 certissimum,
3273 3592 3312 3642 e
3361 3566 3658 3641 naturali

612 3714 836 3763 rerum
909 3712 1119 3765 cursu
1184 3691 1543 3767 Christum
1619 3692 2165 3791 ἀναμάρτητον
2236 3692 2440 3793 plane
2493 3689 3027 3789 inexplicatum,
3097 3688 3240 3761 imo
3283 3686 3654 3784 inexplica-

612 3806 821 3883 bilem
864 3834 1058 3898 esse;
1110 3810 1209 3885 ita
1258 3822 1379 3901 ut,
1430 3812 1489 3886 si
1532 3811 1661 3885 tibi
1706 3811 1909 3910 plane
1954 3820 2267 3886 constare
2312 3811 2518 3898 velia,
2569 3818 2693 3884 aut
2733 3810 2910 3885 hanc
2958 3806 3346 3907 specificam
3395 3804 3656 3879 Christi

614 3927 1025 4027 dignitatem
1092 3930 1369 4007 reiicere
1428 3932 1722 4020 debeaS,
1792 3932 2115 4030 Eumque
2180 3930 2468 4005 fortasse
2519 3930 2973 4029 quistrum,
3039 3952 3179 4005 non
3226 3934 3461 4001 tamen
3511 3926 3654 3999 Do·
3750 3938 3754 3942 “

616 4049 857 4121 minum
922 4046 1191 4123 Biblicu
1261 4051 1325 4123 vi
1388 4052 1571 4127 vocis
1641 4076 1917 4138 vocare,
1964 4058 2091 4127 aut
2144 4051 2203 4125 si
2252 4051 2380 4125 hoc
2433 4076 2572 4127 non
2619 4050 2875 4137 audes,
2923 4048 3016 4125 ad
3061 4072 3366 4125 carceres
3417 4069 3654 4143 supra-

616 4167 1175 4243 naturalistarum
1220 4170 1459 4245 redire.
1564 4172 1853 4270 Optime
1904 4172 2079 4260 scio,
2132 4170 2317 4245 haud
2362 4170 2606 4245 deesse
2655 4168 3216 4245 honoratissimos
3265 4167 3442 4241 viros
3462 4225 3480 4255 ,
3534 4164 3662 4264 qui

618 4284 741 4359 hoc
794 4286 1161 4361 admittere
1202 4289 1460 4376 nolint,
1518 4292 1647 4365 Dei
1700 4290 1955 4365 scilicet
1998 4290 2560 4391 personalitatem
2609 4290 3012 4388 Christique
3065 4289 3452 4389 specificam
3505 4286 3656 4383 dig-

698 4588 747 4663 ¹)
794 4592 1073 4651 ’γενεάν
1112 4597 1226 4669 ⁶¹0⁰
1254 4594 1441 4655 Erdon
1480 4595 1611 4655 sind
1647 4594 1842 4654 Nalm·
1879 4596 1940 4655 in
1983 4594 2281 4655 Himml.”
2336 4594 2490 4655 Iun
2539 4610 2706 4655 rant..

696 4688 749 4765 ²)
811 4694 999 4755 aeAvec
1050 4714 1121 4755 un
1166 4696 1383 4768 Christ,
1439 4697 1686 4759 diminute
1726 4716 1795 4757 en
1838 4716 1959 4758 rare
2002 4699 2257 4771 homme,
2308 4700 2374 4776 je
2411 4696 2588 4770 defle,
2645 4694 2820 4775 qu’on
2861 4694 3197 4776 m’aplique
3236 4696 3318 4755 les
3360 4690 3655 4773 Apsstres.”

614 4809 667 4850 c.
710 4808 860 4853 sors.

3175 4894 3324 4967 28*
