4728 5991
1869 577 2427 684 oRAr1d
2880 624 2888 633 ·
3591 613 3677 681 25

632 820 972 920 impertiri
1041 820 1316 909 studet,
1383 821 1506 920 qui
1553 846 1679 896 suo
1723 846 1955 897 amore
2005 822 2262 922 dignus
2309 822 2400 898 sit
2442 831 2513 898 et
2563 821 2838 898 auxilio.
2944 822 3211 914 Verbo,
3258 825 3319 898 si
3364 823 3453 898 de
3502 845 3673 922 quo-

625 965 838 1040 quam
902 941 1038 1016 alio
1101 967 1260 1017 vere
1321 941 1592 1016 dicatur
1610 1002 1631 1031 ,
1699 942 1786 1017 de
1844 967 2111 1018 eramo
2168 950 2406 1018 nostro
2446 941 2716 1018 dicetur
2760 943 3146 1019 verissime:
3230 940 3421 1021 nQui
3485 941 3674 1016 hunc

623 1084 762 1136 non
812 1061 1183 1151 amaverit,
1233 1085 1396 1136 eum
1455 1061 1568 1135 vix
1615 1060 1882 1136 bonum
1936 1062 2160 1137 virum
2210 1087 2414 1164 posse
2456 1062 2666 1139 dioiss’

718 1180 1176 1256 Praeter-ierat
1247 1181 1389 1255 iam
1466 1180 1685 1255 maior
1737 1182 1904 1256 anni
1947 1207 2108 1281 pars
2128 1241 2148 1271 ,
2216 1206 2439 1281 quum
2498 1181 2727 1258 adhuc
2782 1207 3053 1284 sperare
3100 1182 3350 1257 licebat
3399 1180 3545 1256 fore
3598 1187 3681 1255 ut

624 1297 830 1372 hodie
907 1299 1132 1374 dicere
1195 1324 1470 1400 possem
1494 1356 1515 1387 ,
1585 1299 1936 1375 neminem
2013 1325 2054 1374 e
2121 1300 2391 1376 civibus
2455 1301 2894 1376 Academicis
2964 1307 3187 1375 morte
3252 1299 3455 1374 nobis
3522 1321 3674 1373 esse

621 1425 959 1518 ereptum.
1079 1419 1219 1494 Sed
1287 1443 1441 1494 eam
1511 1444 1706 1518 spem
1777 1419 2076 1495 fefellere
2128 1420 2360 1496 nuntii
2414 1420 2503 1494 de
2548 1429 2768 1496 morte
2816 1419 3433 1496 ornatissimorum
3487 1439 3669 1492 nnn-

624 1561 780 1611 mor
833 1561 1150 1612 maram
1195 1561 1544 1613 xasunas
1595 1551 1667 1612 et
1715 1561 2016 1614 Amorm
2066 1562 2285 1614 rnrnr
2328 1563 2478 1614 van
2522 1563 2935 1615 mmmmm
2961 1599 2983 1629 ,
3028 1542 3153 1638 qui
3195 1538 3675 1613 tristissimum

621 1658 1052 1758 reliquerunt
1115 1658 1357 1735 amicis
1417 1667 1490 1734 et
1550 1658 1956 1758 parentibus
2023 1659 2448 1734 desiderium
2506 1683 2803 1760 quorum
2862 1659 3167 1734 dolorem
3226 1681 3412 1734 nnus
3462 1658 3675 1732 lenire

624 1778 788 1854 velit
833 1802 1211 1879 precamur.
3736 1787 3739 1792 ’

718 2015 1050 2092 Praebuit
1097 2041 1252 2091 vero
1298 2017 1408 2091 hic
1455 2041 1682 2092 annus
1730 2020 1942 2094 etiam
1995 2018 2254 2094 multas
2300 2043 2411 2093 res
2454 2043 2851 2119 prosperae,
2891 2018 3151 2117 quibus
3172 2075 3191 2106 ,
3241 2017 3431 2116 quod
3468 2017 3677 2093 modo

622 2136 770 2210 dixi
792 2194 813 2225 ,
883 2144 956 2211 et
1015 2136 1106 2211 ad
1164 2135 1346 2234 grati
1413 2137 1630 2211 animi
1697 2163 1982 2214 sensum
2044 2146 2118 2212 et
2180 2139 2272 2213 ad
2340 2137 2671 2213 laetitiam
2726 2163 2856 2213 nos
2911 2136 3194 2212 excitari
3242 2143 3551 2236 oportet,
3602 2137 3677 2212 in

621 2281 918 2355 quarum
967 2254 1396 2332 enarratione
1444 2257 1712 2356 reliqua
1761 2254 2150 2330 versabitur
2193 2254 2433 2330 oratio.

718 2376 903 2455 Quis
973 2375 1160 2451 enim
1234 2383 1553 2450 nostrum
1617 2398 1758 2448 non
1826 2381 2059 2447 tecum
2131 2373 2427 2448 laetatus
2475 2381 2583 2448 est
2602 2431 2623 2462 ,
2672 2375 3253 2449 aestumatissime
3306 2397 3681 2465 surenas,

625 2518 848 2593 quum
915 2494 1046 2569 tibi
1099 2492 1466 2593 eontigerit
1521 2493 1864 2568 celebrare
1917 2491 2102 2566 diem
2124 2550 2145 2582 ,
2203 2517 2346 2593 quo
2396 2499 2559 2567 ante
2610 2493 2859 2592 viginti
2902 2493 3214 2591 quinque
3259 2517 3477 2568 annos
3520 2518 3677 2594 mu-

621 2637 760 2688 nus
823 2621 1031 2688 tuum
1091 2613 1166 2687 in
1235 2613 1364 2689 hac
1427 2611 1808 2688 Academia
1867 2611 2270 2712 auspicatus
2331 2637 2503 2688 eras.
2606 2610 2877 2691 Quanti
2932 2611 3444 2686 institutionem
3488 2618 3687 2688 tuam

623 2733 996 2809 aestiment
1062 2741 1134 2807 et
1211 2732 1336 2832 qui
1407 2755 1490 2808 ea
1553 2755 1740 2809 nunc
1811 2740 2112 2808 utuntur
2173 2739 2246 2808 et
2305 2732 2431 2833 qui
2492 2757 2576 2809 ea
2630 2731 2792 2808 olim
2851 2732 2965 2808 usi
3008 2737 3213 2822 sunt,
3264 2731 3679 2807 manifestis-

622 2853 796 2928 sime
840 2852 1166 2953 apparuit
1205 2877 1292 2926 ex
1338 2851 1600 2952 insigni
1647 2851 2162 2953 gratulantium
2204 2875 2519 2928 numero.
2620 2853 2709 2927 In
2755 2849 3014 2951 quibus
3033 2908 3055 2941 ,
3104 2851 3297 2951 quod
3340 2873 3481 2926 non
3518 2875 3684 2928 sane

620 2971 823 3048 nihili
884 2971 1285 3047 habendum
1350 2979 1458 3047 est
1519 2971 1649 3047 hoc
1705 2980 2023 3074 tempore
2068 2997 2407 3049 novarum
2456 2971 2867 3074 opinionum
2909 2971 3329 3048 feracissimo
3346 3030 3367 3063 ,
3430 2995 3560 3048 nec
3607 2977 3693 3047 tu

625 3091 776 3191 ipse
839 3090 1097 3166 dixeris
1163 3116 1292 3167 nec
1344 3092 1718 3191 quisquam
1763 3091 1966 3167 facile
2011 3091 2297 3182 viderit,
2366 3092 2507 3167 utri
2545 3091 2619 3166 in
2668 3090 2787 3166 illa
2836 3098 3072 3165 tecum
3119 3090 3529 3167 laetantium
3578 3115 3693 3166 co-

624 3232 792 3284 rona
839 3210 1066 3310 magis
1111 3216 1184 3285 te
1236 3210 1721 3309 honoraverint
1770 3210 1821 3285 ii
1840 3270 1861 3302 ‚
1915 3211 2040 3311 qui
2083 3210 2156 3285 in
2206 3211 2633 3312 gravissimis
2681 3210 2892 3287 rebus
2942 3217 3175 3287 tecum
3224 3209 3563 3285 sentirent
3598 3235 3692 3287 an

623 3328 852 3405 ceteri.
931 3331 1136 3406 Dans
1181 3332 1270 3408 Ο.
1298 3332 1403 3408 Μ.
1447 3332 1580 3407 tibi
1625 3331 1836 3407 vitam
1879 3331 2211 3431 largiatur
2253 3338 2327 3407 et
2372 3332 2547 3408 vires
2566 3391 2587 3423 ‚
2638 3340 2721 3408 ut
2760 3356 2901 3407 non
2941 3331 3177 3407 minus
3225 3330 3423 3407 facile
3468 3354 3683 3431 quam

623 3450 852 3524 adhuc
903 3449 1169 3541 fecisti,
1219 3451 1626 3551 gravissima
1668 3458 2016 3527 sustentes
2059 3477 2270 3527 onera
2285 3511 2307 3542 ,
2351 3477 2530 3550 quae
2568 3451 2699 3527 tibi
2734 3460 2899 3529 sunt
2933 3450 3277 3551 imposita.
3380 3452 3685 3526 Evanes-

625 3576 736 3645 cat
801 3577 1037 3644 autem
1089 3570 1297 3646 —brevi
1363 3594 1728 3670 precamur
1791 3572 2018 3662 timor,
2083 3570 2205 3671 qui
2263 3571 2699 3672 aliquamdiu
2756 3580 2826 3647 te
2879 3570 3126 3646 habuit
3178 3569 3550 3645 sollicitum
3592 3570 3681 3645 de
3770 3582 3781 3609 ·“

626 3687 1019 3763 valetudine
1066 3688 1194 3764 filii
1243 3689 1674 3765 dilectissimi
1723 3690 1847 3765 tali
1894 3698 2092 3790 patre
2143 3690 2379 3792 digni!
3434 3676 3453 3688 ⁸

721 3808 818 3881 Et
885 3808 1018 3881 tibi
1084 3834 1403 3909 quoque,
1465 3810 1574 3885 Cl.
1632 3834 1863 3886 murs
1929 3834 2080 3886 vsu
2143 3834 2291 3886 nna
2353 3834 2691 3901 nonvnu,
2742 3832 2964 3908 quum
3010 3808 3141 3883 boc
3187 3831 3370 3883 anno
3412 3831 3673 3884 munus

626 3934 832 4001 tuum
877 3927 1255 4027 deponeres
1273 3986 1296 4020 ,
1341 3954 1584 4006 omnes
1631 3930 1988 4030 discipuli,
2033 3955 2211 4029 quos
2243 3930 2475 4005 adhuc
2514 3930 2855 4005 habueras
2874 3987 2896 4018 ,
2944 3927 3261 4003 certatim
3312 3928 3676 4005 ostendere

629 4045 1087 4137 studuerunt,
1169 4048 1342 4148 quid
1413 4050 1538 4124 tali
1609 4050 1944 4151 magistro
2014 4049 2373 4125 deberent.
2491 4048 2646 4125 Abs
2701 4073 2776 4123 re
2838 4048 3015 4123 foret
3063 4048 3451 4147 quidquam
3504 4048 3679 4125 velle

628 4164 881 4243 addere
931 4167 1156 4242 verbis
1173 4226 1194 4257 ,
1268 4192 1448 4267 quae
1495 4194 1580 4243 eo
1623 4169 1736 4243 die
1784 4168 1970 4245 dicta
2024 4175 2190 4242 sunt
2231 4167 2322 4242 ab
2368 4168 2453 4243 iis
2472 4226 2493 4257 ,
2543 4168 2669 4268 qui
2714 4168 3138 4268 reliquorum
3182 4168 3497 4243 omnium
3552 4194 3675 4245 no·

626 4286 814 4362 mine
879 4285 1507 4362 luculentissimum
1571 4286 1702 4364 tibi
1773 4288 2180 4364 obtulerunt
2243 4288 2423 4387 grati
2498 4290 2714 4365 animi
2784 4289 3306 4366 documentum.
3410 4289 3488 4363 Si
3554 4291 3672 4366 cui

627 4406 780 4496 alii,
827 4406 970 4482 sive
1017 4408 1264 4484 aetatis
1307 4408 1454 4484 sive
1493 4408 1670 4509 legis
1710 4408 2119 4484 necessitate
2165 4408 2238 4483 in
2283 4409 2495 4485 vitam
2538 4409 2878 4510 privatam
2918 4408 3142 4484 redire
3177 4414 3415 4485 coacto
3434 4466 3457 4499 ,
3502 4434 3681 4510 opus

627 4526 717 4603 sit
765 4526 992 4602 verbis
1011 4584 1032 4615 ,
1083 4552 1262 4627 quae
1296 4529 1613 4606 animum
1649 4528 2052 4628 depressum
2085 4529 2528 4605 consolentur
2546 4586 2567 4619 ,
2620 4537 2701 4603 tu
2732 4536 2915 4604 certe
2936 4586 2956 4618 ,
3008 4528 3392 4605 venerande
3432 4552 3676 4619 senex,

625 4645 968 4722 eiusmodi
1015 4647 1223 4724 verba
1267 4673 1408 4725 non
1461 4648 1890 4726 desiderabis
1909 4708 1930 4739 ,
1974 4648 2100 4749 qui
2134 4672 2543 4749 persuasum
2584 4647 2717 4723 tibi
2739 4648 2997 4725 habeas
3036 4672 3187 4725 esse
3220 4648 3433 4725 etiam
3484 4648 3679 4722 aliud

626 4764 798 4864 quid
866 4766 1293 4843 destinatum
1369 4767 1632 4846 homini
1696 4795 1909 4870 quam
1981 4769 2054 4845 in
2115 4768 2245 4846 hac
2304 4776 2486 4847 terra
2544 4768 2815 4869 scriptis
2877 4768 3318 4847 inclarescere
3387 4774 3461 4843 et
3518 4767 3680 4842 doc·

3289 4892 3339 4961 4
