4728 5991
1027 585 1144 651 -10
2251 584 2924 651 P.L.RYKE

1055 814 1436 891 sanequam
1503 790 1946 870 memorabile
2011 799 2154 880 est,
2227 791 2287 866 si
2351 789 2625 866 fructus
2698 799 3007 890 speratos
3068 790 3233 866 inde
3294 791 3643 892 percipere
3690 792 3898 883 velis,
3965 818 4107 871 non

1037 935 1234 1012 ‚opus
1277 912 1410 988 erit
1461 920 1542 988 ut
1591 911 2015 987 divinatione
2059 910 2159 985 rei
2201 911 2475 986 ducaris
2522 911 2803 986 latentis
2848 936 3058 1010 quam
3109 917 3273 986 ante
3326 918 3397 984 te
3446 935 3652 988 nemo
3706 913 4102 1012 suspicaba-

1057 1040 1211 1122 tur,
1275 1033 1418 1111 imo
1479 1057 1622 1109 non
1689 1032 1992 1107 multum
2037 1030 2352 1120 nocebit,
2418 1031 2478 1106 si
2544 1031 2651 1106 vel
2715 1056 2758 1107 a
2814 1029 2989 1108 falsa
3036 1030 3399 1130 hypothesi
3456 1031 3735 1108 initium
3783 1033 4101 1122 duxeris;

1052 1152 1311 1253 pariter
1373 1153 1582 1228 modo
1647 1152 1996 1228 auscultes
2053 1159 2126 1226 et
2182 1153 2407 1226 omnia
2475 1150 2822 1226 auscultes
2873 1174 3054 1249 quae
3119 1157 3369 1226 natura
3418 1153 3850 1252 respondeat.
3942 1153 4104 1230 Non

1039 1273 1296 1348 audies
1343 1272 1632 1348 fortasse
1676 1272 1960 1371 quidem
2011 1297 2094 1346 ea
2143 1295 2324 1370 quae
2374 1293 2787 1370 cognoscere
2827 1269 3139 1369 cupieras
3184 1270 3699 1370 praedicantem
3738 1277 4061 1348 naturam
4078 1329 4099 1360 ,

1053 1393 1177 1478 sed
1250 1402 1482 1468 tamen
1549 1391 1975 1492 praedicabit
2036 1390 2302 1489 aliquid
2321 1449 2344 1480 ,
2416 1391 2607 1489 quod
2626 1449 2647 1480 ,
2720 1390 2779 1466 si
2844 1391 2991 1464 sine
3060 1389 3479 1488 praeiudicio
3530 1390 3831 1492 excipias
3848 1449 3869 1480 ,
3920 1391 4102 1468 viam

1047 1512 1462 1590 monstrabit
1547 1511 1640 1588 ad
1719 1535 1866 1586 rem
1940 1509 2248 1586 abditam
2327 1517 2400 1584 et
2468 1511 2809 1586 occultam
2828 1569 2849 1600 ,
2933 1533 3112 1608 quae
3180 1533 3307 1584 nec
3380 1509 3511 1584 tibi
3575 1535 3703 1586 nec
3770 1501 4113 1610 cuiquam‘

1047 1633 1166 1709 alii
1239 1641 1400 1710 ante
1477 1640 1756 1708 venerat
1829 1631 1904 1706 in
1973 1638 2304 1705 mentem.
2434 1631 2833 1730 Responsa,
2913 1655 3094 1729 quae
3162 1636 3411 1704 natura
3477 1630 3637 1719 dat,
3712 1637 3878 1706 sunt
3942 1629 4097 1728 qui-

1050 1753 1212 1830 dem
1263 1751 1668 1827 brevissima
1691 1810 1712 1840 ,
1769 1752 1892 1826 sed
1942 1751 2151 1826 simul
2197 1749 2571 1825 verissima.
2668 1751 3053 1850 Fingamus
3104 1748 3307 1824 nobis
3354 1749 3706 1826 hominem
3750 1749 4053 1849 aliquem
4074 1807 4095 1838 ,

1047 1871 1163 1946 cui
1186 1929 1207 1960 ,
1272 1897 1494 1970 quum
1544 1895 1694 1946 rem
1743 1871 2082 1946 silendam
2129 1868 2264 1944 sibi
2315 1870 2755 1946 commissam
2802 1877 3065 1958 servet,
3130 1868 3223 1944 ad
3270 1893 3513 1946 omnes
3557 1878 3791 1946 tamen
3849 1893 4093 1968 quaes-

1047 1989 1271 2065 tiones
1338 1991 1476 2091 ipsi
1540 1991 1924 2091 propositas
1944 2049 1965 2080 ,
2038 1989 2305 2088 absque
2377 1989 2758 2064 mendaciis
2822 1988 3385 2090 respondendum
3456 1991 3581 2079 sit;
3654 2013 3825 2066 num
3887 1997 4096 2089 putas

1047 2116 1120 2186 te
1167 2110 1292 2186 diu
1342 2110 1429 2186 de
1471 2111 1592 2186 illa
1646 2135 1720 2186 re
1769 2110 1916 2185 fore
1961 2109 2358 2184 incertum?

1147 2229 1362 2308 Quod
1402 2229 1609 2305 modo
1655 2229 1840 2318 dixi,
1890 2235 2210 2304 naturam
2258 2228 2749 2328 interrogatam
2794 2253 2933 2304 non
2988 2251 3261 2327 semper
3318 2228 3729 2328 respondere
3788 2227 3863 2304 id
3903 2228 4095 2327 quod

1043 2349 1435 2449 explorator
1498 2355 2051 2448 exspectaverat,
2121 2347 2246 2422 sed
2309 2357 2548 2424 contra
2606 2349 2967 2424 ostendere
3038 2347 3305 2447 aliquid
3367 2348 3839 2449 inopinatum,
3902 2347 4092 2446 quod

1037 2476 1321 2544 moneat
1359 2469 1858 2568 exploratorem
1900 2468 1988 2544 de
2031 2468 2166 2543 alia
2212 2493 2284 2543 re
2305 2527 2324 2556 ,
2375 2493 2587 2569 quam
2610 2528 2631 2559 ,
2676 2469 2919 2544 eodem
2953 2467 3229 2544 tramite
3266 2491 3562 2568 pergens
3581 2527 3602 2556 ,
3652 2492 3817 2544 mox
3850 2467 4090 2544 inven-

1035 2595 1256 2681 turus,
1275 2588 1406 2678 sit,
1458 2588 1669 2664 huius
1709 2589 1811 2664 rei
1847 2589 2071 2664 multa
2113 2587 2341 2664 afferri
2384 2595 2678 2688 possunt
2713 2587 3065 2688 exempla,
3117 2587 3242 2661 sed
3282 2611 3422 2662 non
3464 2587 3661 2664 facile
3700 2586 4092 2664 evidentius

1029 2707 1358 2784 afferetur
1411 2709 1799 2809 quidquam
1820 2767 1842 2798 ,
1897 2733 2111 2808 quam
2160 2710 2352 2808 quod
2404 2709 2658 2786 accidit
2700 2708 3145 2784 celeberrimo
3201 2729 3616 2782 usmaro.
3676 2707 3807 2784 Hic
3856 2707 4045 2784 enim
4064 2764 4089 2798 ,

1024 2827 1156 2926 qui
1219 2827 1310 2902 de
1372 2833 1624 2903 natura
1666 2827 2134 2902 electricitatis
2175 2853 2377 2904 suam
2428 2828 2563 2904 sibi
2606 2829 2703 2904 fin
2712 2836 2902 2904 xerat
2950 2826 3285 2902 theoriam
3306 2885 3327 2916 ,
3390 2826 3631 2902 multis
3678 2827 3995 2928 partibus
4046 2851 4091 2904 a

1025 2945 1300 3046 vulgari
1349 2944 1675 3045 opinione
1730 2945 2116 3037 diversam,
2168 2946 2350 3023 inter
2394 2947 2529 3025 alia
2571 2947 2961 3048 suspicatus
3004 2954 3151 3023 erat
3206 2969 3343 3022 non
3392 2947 3589 3023 aliter
3639 2947 3789 3023 fieri
3844 2971 4087 3049 posse,

1029 3064 1203 3165 quin
1263 3062 1324 3139 si
1379 3064 1614 3142 fluxus
1667 3064 2026 3141 electricus
2073 3089 2199 3165 per
2245 3065 2443 3143 filum
2494 3066 2753 3143 metalli
2798 3066 3086 3157 flueret,
3152 3067 3346 3143 aliud
3390 3066 3657 3143 metalli
3707 3066 3909 3143 filum
3926 3124 3949 3156 ,
4008 3066 4085 3143 in

1017 3184 1548 3289 propinquitate
1620 3185 1928 3286 positum
1949 3243 1970 3276 ,
2045 3185 2359 3262 eiusdem
2432 3187 2667 3263 fluxus
2724 3186 2863 3263 vim
2917 3186 3360 3289 experiretur.
3440 3186 3663 3261 Cuius
3704 3186 3806 3261 rei
3862 3210 4087 3287 quum

1025 3305 1304 3383 nullum
1343 3305 1553 3383 etiam
1602 3311 1756 3383 tum
1811 3305 2247 3407 apparuisset
2285 3307 2623 3382 indicium
2642 3366 2663 3398 ,
2712 3307 2785 3383 in
2836 3308 3257 3407 explorando
3306 3330 3447 3382 non
3488 3306 3803 3383 cessavit.
3866 3305 4087 3383 Primi

1025 3434 1326 3503 conatus
1383 3426 1668 3501 omnino
1726 3425 2005 3503 fuerant
2055 3424 2274 3517 irriti,
2323 3434 2395 3502 et
2441 3430 2531 3502 ne
2582 3436 2733 3503 tum
2790 3428 3075 3527 quidem
3096 3487 3117 3517 ,
3166 3452 3390 3527 quum
3442 3426 3917 3527 experimenta
3959 3448 4086 3526 per

1026 3546 1235 3645 longe
1280 3544 1574 3621 maiores
1615 3551 1990 3644 apparatus
2031 3570 2242 3645 quam
2281 3548 2404 3646 qui
2442 3556 2603 3623 ante
2646 3547 2921 3623 fuerant
2955 3547 3253 3622 adhibiti
3292 3554 3805 3646 repeterentur,
3858 3545 4079 3621 ullum

1029 3673 1357 3741 eventum
1444 3663 1692 3739 habuit
1776 3663 2175 3764 exploratio.
2299 3664 2532 3764 Igitur
2606 3690 3047 3767 nequaquam
3118 3665 3293 3740 vidit
3360 3665 3552 3765 quod
3624 3690 3697 3740 se
3770 3664 4079 3741 visurum

1024 3810 1179 3861 esse
1255 3790 1788 3883 exspectaverat.
1887 3784 2150 3858 Contra
2195 3783 2370 3859 vidit
2417 3784 2607 3883 quod
2648 3809 2789 3859 non
2835 3792 3365 3884 exspectaverat.
3470 3785 3633 3863 Quo
3674 3782 3863 3859 enim
3907 3792 4083 3859 tem-

1029 3904 1218 4004 poris
1263 3910 1522 4003 puncto
1579 3904 1812 3979 fluxus
1863 3928 1989 4003 per
2037 3904 2235 3979 filum
2281 3903 2497 3978 fluere
2542 3904 2805 4004 coepit,
2873 3905 3237 4004 paululum
3283 3904 3643 3979 deflectere
3696 3902 3869 3978 vidit
3914 3920 4080 3979 acus

1027 4023 1106 4099 in
1172 4023 1654 4099 instrumentis
1677 4083 1699 4113 ,
1768 4024 2026 4123 quibus
2097 4023 2468 4114 utebatur,
2540 4050 2751 4124 quem
2799 4025 3099 4100 eundem
3150 4032 3420 4099 motum
3477 4022 3864 4098 observavit
3926 4046 4079 4121 quo

1027 4140 1368 4241 temporis
1429 4150 1690 4241 puncto
1752 4144 1988 4218 fluxus
2054 4144 2125 4219 in
2191 4144 2311 4220 filo
2377 4143 2779 4234 desinebat,
2842 4170 2968 4246 per
3014 4145 3324 4220 medium
3378 4152 3654 4232 autem,
3707 4143 3891 4217 inter
3936 4141 4077 4219 duo

1027 4262 1151 4339 illa
1217 4251 1514 4360 pimcta,
1588 4264 1918 4363 temporis
1973 4262 2276 4363 spatium
2329 4264 2567 4339 nullus
2616 4264 2899 4341 omnino
2941 4274 3175 4341 motus
3220 4263 3733 4340 observabatur.
3813 4262 4075 4337 Unus·

1035 4381 1336 4483 quisque
1417 4380 1746 4480 physicus
1767 4440 1788 4471 ,
1863 4382 2143 4483 ingenio
2229 4383 2545 4471 mediuS‚
2630 4383 2777 4459 sine
2857 4385 3073 4459 dubio
3154 4408 3237 4459 eo
3315 4390 3591 4458 tantum
3670 4382 4078 4457 advertisset

1035 4501 1352 4577 animum
1371 4558 1393 4592 ,
1465 4508 1705 4577 utrum
1762 4500 1839 4575 id
1885 4500 2077 4602 quod
2121 4507 2634 4600 exspectaverat
2674 4502 3013 4578 accideret
3058 4525 3312 4591 necne;
3364 4524 3609 4600 parvas
3654 4499 3807 4575 illas
3828 4556 3850 4590 ,
3898 4498 4077 4573 forte

1031 4619 1310 4698 fortuna
1377 4619 1774 4697 observatas
1793 4680 1814 4711 ,
1884 4628 1956 4698 et
1994 4620 2397 4720 .incipiente
2468 4630 2539 4696 et
2610 4628 2919 4697 cessante
2978 4622 3215 4711 fluxu,
3283 4620 3724 4696 deflectiones
3789 4618 4073 4695 omnino

1027 4739 1486 4841 neglexisset,
1529 4746 1770 4840 utpote
1826 4765 1914 4817 ex
1964 4764 2210 4817 caussa
2253 4740 2539 4816 fortuita
2582 4748 2789 4818 ortas.
2864 4741 3029 4816 Non
3076 4741 3176 4817 ita
3216 4740 3362 4841 egit
3402 4739 3515 4815 ille
3536 4796 3558 4830 ,
3607 4738 3731 4837 qui
3754 4737 4073 4837 princeps
