4728 5991
1056 565 1183 629 206
2054 565 2104 629 1.
2169 565 2218 629 1.
2290 585 2430 627 vsu
2497 561 3087 628 OOSTERZEE

1055 771 1195 846 riae
1247 778 1521 844 nostrae
1576 768 1858 867 periodo
1910 771 2045 845 iam
2104 769 2349 844 remoti
2402 771 2621 844 simus
2643 827 2661 858 ,
2717 795 2804 846 ne
2861 795 3046 844 unus
3099 769 3382 868 quidem
3430 769 3762 844 Vestrum
3819 771 4118 871 ignorat.

1055 891 1273 966 Haud
1340 890 1536 964 aliter
1612 913 1821 987 quam
1898 888 2275 988 Gigantes,
2328 890 2404 964 in
2455 897 2708 964 terram
2759 891 3124 990 prostrati,
3177 915 3262 964 ex
3307 891 3438 966 hoc
3486 889 3639 989 ipso
3688 901 3912 966 terrae
3953 916 4117 966 con·

1052 1019 1245 1086 tactu
1318 1035 1529 1084 novas
1588 1009 1890 1108 corporis
1970 1010 2143 1084 vires
2212 1010 2624 1110 recolligunt
2687 1021 2898 1109 atque
2957 1011 3048 1086 ad
3109 1035 3286 1086 nova
3348 1010 3726 1086 certamina
3773 1019 4114 1110 surgunt,

1054 1132 1154 1205 ita
1200 1155 1377 1229 quos
1427 1152 1735 1204 vmst
1797 1137 2161 1227 nuncupat
2210 1130 2442 1204 hostes
2490 1129 2696 1205 etiam
2751 1154 2938 1204 nunc
2987 1128 3394 1228 superstites
3441 1138 3654 1227 atque
3703 1129 4118 1229 Theologiae

1055 1275 1210 1324 vere
1290 1248 1703 1324 christianae
1772 1273 2042 1346 semper
2120 1249 2410 1324 infestos
2488 1250 2826 1324 videmus.
2929 1249 3066 1324 Vix
3129 1273 3377 1348 operae
3446 1250 3752 1347 pretium
3819 1249 4114 1338 addere,

1054 1396 1167 1445 me
1228 1393 1670 1469 nequaquam
1754 1368 1842 1441 de
1910 1369 2283 1442 homi-nibus
2358 1392 2605 1467 agere,
2669 1368 2862 1442 omni
2912 1368 3098 1442 iusto
3156 1368 3414 1443 honore
3471 1368 3944 1468 dignissimis,
3993 1369 4116 1444 scd

1052 1490 1142 1564 de
1218 1491 1589 1586 principiis
1610 1547 1629 1578 ,
1727 1486 2067 1586 principio
2145 1487 2562 1587 Theologiae
2640 1487 3072 1587 dogmaticae
3152 1489 3354 1586 plane
3431 1487 3786 1586 oppositis.
3907 1487 4114 1562 Dicta

1048 1616 1287 1684 autem
1357 1608 1731 1706 principia,
1808 1614 1879 1680 et
1946 1607 2115 1681 alibi
2174 1616 2246 1682 et
2302 1609 2514 1683 etiam
2568 1609 2640 1684 in
2691 1607 2897 1683 hacce
2949 1608 3176 1708 patria
3223 1608 3498 1697 nostra,
3553 1607 3740 1684 hisce
3792 1609 4111 1706 tempori-

1050 1729 1187 1803 bus
1264 1753 1535 1826 semper
1600 1728 1831 1826 plures
1906 1729 2253 1802 invenisse
2318 1736 2645 1828 patronos
2713 1738 2926 1828 atque
2993 1737 3581 1828 propugnatores,
3651 1752 3858 1803 nemo
3929 1737 4112 1804 certe

1054 1848 1313 1924 infitias
1389 1848 1543 1922 ibit.
1648 1847 1904 1935 Quod,
1978 1856 2060 1920 ut
2114 1847 2201 1921 de
2254 1872 2397 1922 uno
2456 1849 2820 1923 dumtaxat
2876 1850 3284 1946 loquamur,
3351 1848 3706 1947 speciatim
3763 1848 3852 1924 de
3909 1852 4108 1946 Scep-

1050 1970 1307 2041 ticismo
1365 1967 1796 2042 monendum
1819 2025 1838 2055 ,
1906 1966 1979 2038 in
2052 1965 2203 2039 dies
2249 1966 2507 2041 maiore
2559 1991 2830 2066 semper
2878 1969 2943 2042 vi
2994 1968 3175 2042 inter
3224 1968 3608 2068 Theologos
3650 1978 3724 2043 et
3769 1968 4108 2044 Ecclesiae

1050 2086 1365 2160 membra
1439 2095 1816 2184 grassante.
1916 2085 2338 2185 Nunquam,
2417 2086 2590 2162 mihi
2663 2089 2720 2162 si
2793 2086 3106 2176 creditis,
3157 2096 3432 2163 nostrae
3479 2089 3690 2164 aetati
3745 2089 3836 2162 de
3889 2088 4105 2162 Theo-

1050 2206 1234 2305 logia
1256 2265 1276 2294 ,
1354 2205 1699 2305 imprimis
1758 2206 2172 2304 Dogmatica
2196 2265 2216 2296 ,
2290 2207 2576 2282 meliora
2627 2231 2898 2306 sperare
2946 2207 3220 2296 licebit,
3273 2207 3410 2282 nisi
3465 2207 3879 2284 effrenatum
3933 2207 4112 2282 hunc

1048 2328 1441 2403 multorum
1493 2327 1865 2402 dubitandi
1911 2329 2298 2426 pruritum,
2346 2327 2530 2428 aptis
2573 2329 3096 2404 medicamentis
3147 2327 3514 2417 adhibitis,
3567 2328 3854 2402 tandem
3885 2326 4164 2414 videa-d

1060 2471 1219 2524 mus
1296 2454 1640 2522 sanatum.
1744 2445 1883 2521 Sed
1939 2447 2037 2520 ita
2104 2472 2251 2522 rem
2316 2447 2916 2524 considerantibus
2941 2506 2960 2537 ,
3033 2447 3165 2546 ipsi
3225 2447 3536 2536 sentitis,
3589 2447 3870 2524 dicendi
3913 2471 4110 2546 argu·

1054 2574 1373 2642 mentum
1448 2566 1651 2642 nobis
1718 2592 1856 2640 non
1928 2567 2101 2642 adeo
2165 2567 2608 2667 eligendum,
2681 2593 2890 2667 quam
2944 2568 3229 2666 quidem
3277 2567 3516 2642 datum
3565 2565 3784 2642 fuisso
3831 2567 3924 2641 ab
3969 2566 4112 2664 ipso

1053 2687 1308 2762 saeculi
1381 2687 1601 2762 nostri
1666 2685 1945 2786 ingenio
2018 2696 2228 2786 atque
2302 2687 2762 2788 Evangelicae
2808 2687 3154 2764 Ecclesiae
3209 2694 3438 2776 statu,
3507 2687 3643 2762 nisi
3701 2686 3944 2761 saltem
3989 2685 4114 2760 hoc

1052 2807 1587 2906 praetulerimus
1609 2865 1629 2894 ,
1680 2807 1769 2880 de
1819 2805 2028 2882 rebus
2075 2807 2409 2882 disserere
2433 2867 2454 2898 ,
2505 2833 2684 2907 qnae
2731 2807 2968 2882 critico
3015 2807 3144 2884 hoc
3191 2806 3522 2907 temporis
3563 2815 3824 2906 puncto
3859 2805 4114 2880 nullius

1046 2924 1188 3001 fere
1260 2926 1581 3002 animum
1648 2933 1949 3001 movent.
2053 2926 2176 3002 Nil
2236 2926 2496 3002 scilicet
2546 2927 3056 3027 desperandum
3107 2925 3446 3007 habemus
3503 2927 3782 3003 Christo
3827 2926 4006 3003 duce
4047 2931 4113 3001 et

1048 3046 1329 3143 auspice
1404 3045 1721 3133 Christo,
1804 3045 1924 3120 sed
1999 3045 2126 3121 hac
2194 3048 2336 3121 una
2405 3048 2798 3123 conditione
2865 3048 3045 3124 bene
3123 3050 3542 3149 sperandum
3609 3047 3698 3123 de
3753 3046 4110 3146 disciplina

1053 3164 1471 3263 Theologica
1516 3166 1745 3238 nostra
1771 3222 1790 3252 ,
1842 3164 1901 3237 si
1944 3165 2097 3263 ipsa
2146 3166 2353 3255 fides,
2405 3168 2556 3241 Deo
2606 3167 3024 3267 Christoque
3073 3169 3356 3259 habita,
3413 3169 3563 3245 viva
3612 3176 3827 3267 atque
3877 3166 4108 3243 inoon-

1054 3308 1257 3359 cnssa
1314 3290 1685 3358 remaneat.
1798 3284 2044 3359 nHaec
2090 3288 2281 3361 nobis
2326 3312 2460 3361 arse
2510 3289 2763 3361 invicta
2813 3290 2952 3363 erit
2973 3289 3043 3377 ,”
3099 3298 3198 3383 ita
3249 3314 3412 3365 cum
3461 3312 3784 3363 oAnvmo
3837 3286 4110 3388 gloriari

1052 3426 1180 3475 nos
1242 3402 1403 3477 licet
1427 3460 1446 3491 ,
1524 3407 1748 3502 nquod
1812 3404 2100 3478 Domino
2163 3407 2493 3481 stamua.'’
2583 3406 2884 3480 Domino
2950 3416 3190 3483 autem
3263 3416 3444 3485 stare
3503 3434 3640 3483 non
3695 3432 4106 3507 possumus,

1051 3521 1189 3597 nisi
1256 3523 1491 3622 Ipsius
1540 3549 1871 3623 personae
1890 3584 1911 3613 ,
1962 3524 2285 3600 historiae
2311 3584 2329 3613 ,
2383 3526 2740 3624 promissis
2791 3526 3081 3603 firmiter
3133 3554 3260 3604 nos
3311 3538 3674 3605 teneamus
3725 3528 4106 3604 adstrictos.

1053 3642 1301 3719 Dicam
1356 3644 1612 3742 igitur:

1436 3832 1533 3882 DE
1586 3831 2105 3897 scssP‘rlclsnm,
2160 3831 2566 3883 Honmnms
2623 3832 3036 3884 'rnzonools
3085 3834 3320 3887 canu·
3371 3834 3718 3887 vrrANDO.

1050 4005 1564 4101 Argumentum
1590 4061 1609 4091 ‚
1686 4000 1775 4077 ab
1860 4002 1999 4076 una
2062 4012 2259 4101 parte
2325 4002 2606 4101 quidem
2684 4012 2826 4079 tam
2901 4004 3036 4081 late
3107 4013 3392 4104 patens,
3467 4015 3548 4083 ut
3616 4005 3938 4106 pluribus
4002 4005 4108 4082 vix

1053 4121 1523 4195 voluminibus
1604 4122 1883 4219 penitus
1958 4121 2209 4220 exponi
2291 4123 2556 4221 possit3
2629 4124 2718 4199 ab
2793 4124 3008 4199 alterii
3085 4133 3322 4201 tamen
3405 4126 3580 4201 adeo
3651 4126 4104 4213 concinnum,

1054 4237 1401 4336 simulque
1478 4239 1575 4313 ita
1641 4241 1931 4340 tempori
1988 4241 2404 4316 conveniens
2455 4248 2526 4316 et
2579 4268 2742 4319 curn
2795 4269 3082 4319 munere
3132 4254 3366 4321 nostro
3417 4246 4058 4321 coniunctissimum
4085 4304 4104 4333 ,

1057 4365 1137 4431 ut
1199 4357 1311 4430 vix
1380 4357 1569 4431 aliud
1618 4359 1965 4434 inveniam
1991 4419 2012 4448 ,
2081 4362 2464 4435 attentione
2504 4364 2731 4437 vestra
2783 4366 3006 4465 magis
3051 4364 3366 4464 dignum.
3467 4365 3674 4441 Hanc
3723 4366 3898 4439 mihi
3949 4389 4106 4463 ergo

1056 4475 1415 4551 concedite
1464 4477 1729 4553 veniam
1758 4536 1779 4565 ,
1835 4485 1915 4552 ut
1939 4478 2374 4578 'simpliciter
2423 4488 2494 4555 et
2539 4482 2832 4559 candide
2878 4484 3072 4561 vobis
3121 4496 3426 4560 mentem
3475 4508 3818 4584 exponam
3843 4544 3864 4575 ,
3917 4485 4104 4559 data-

1056 4620 1195 4695 que
1265 4596 1473 4695 operfi,
1544 4596 1891 4685 indicem,
1964 4606 2099 4671 tum
2174 4624 2549 4697 quamnam
2595 4600 2686 4675 ob
2735 4628 3061 4694 causam,
3133 4614 3271 4679 tum
3319 4628 3624 4703 quonam
3669 4603 4106 4703 potissimum

1062 4714 1271 4789 modo
1336 4714 1770 4817 Scepticismi
1826 4717 2151 4816 scopulus
2208 4718 2337 4793 hac
2393 4720 2627 4793 nostra
2681 4731 2906 4799 aetate
2975 4724 3148 4799 mihi
3203 4724 3504 4801 maxime
3569 4722 3938 4799 evitandus
4013 4722 4106 4795 vi·
4161 4770 4170 4777 -
