4728 5991
1822 520 2386 589 ORATIO.
3505 521 3641 590 135

578 730 782 808 τίσεως
846 730 1074 792 ultimas
1126 737 1310 794 autem
1371 731 1621 792 omnium
1677 749 1936 794 maurina
1995 747 2328 802 navamus,
2386 734 2579 810 utpote
2618 728 2873 789 omnibus
2910 733 3090 790 aetate
3128 730 3329 791 minor.
3420 731 3645 812 Reliqui

579 835 756 894 multa
794 835 1019 912 egregie
1063 834 1132 896 de
1173 835 1348 895 ictero
1389 835 1642 896 dixerant
1663 879 1678 908 ,
1723 842 1777 895 et
1819 837 2127 916 praeclaros
2167 832 2395 894 curandi
2434 831 2633 892 modos
2676 839 3099 912 proposuerant,
3142 832 3237 893 sed
3273 834 3646 896 Gubernatori

579 937 760 998 nullas
808 937 1166 998 satisfecerat.
1249 937 1526 998 Ultimum
1589 937 1764 1015 igitur
1819 957 1944 998 curn
2007 937 2223 998 videret
2271 935 2493 1013 ingredi
2546 951 2895 1007 unvamma,
2952 934 3133 1006 siluit,
3188 955 3292 996 nec
3345 935 3415 998 de
3466 938 3649 999 morbi

581 1039 817 1102 historia
879 1040 1234 1120 percontanti
1291 1040 1584 1120 quicquam
1639 1040 1952 1122 respondit,
2007 1041 2330 1102 existimans
2368 1059 2429 1100 se
2469 1038 2673 1098 frustra
2710 1037 2943 1098 subinde
2979 1038 3509 1116 interrogationibus
3547 1044 3651 1102 las·

581 1143 724 1218 sari,
768 1163 894 1204 cum
937 1145 1120 1204 nullus
1169 1142 1422 1204 omnium
1469 1162 1688 1204 causam
1731 1143 1840 1225 ipsi
1893 1143 2194 1204 etiamnum
2238 1146 2567 1202 enarrasset.
2650 1140 2959 1200 Mirabatur
2998 1157 3301 1202 navamus
3342 1141 3649 1220 interroga-

583 1255 704 1307 tum
767 1265 991 1322 aegrum
1055 1245 1309 1322 integrae
1371 1245 1576 1306 mentis
1635 1244 1778 1305 nibil
1845 1246 2193 1326 respondere.
2275 1243 2367 1304 Ad
2422 1244 2701 1304 adstantes
2759 1243 2931 1320 igitur
2984 1263 3045 1304 se
3092 1245 3382 1304 convertit.
3468 1245 3654 1320 vide,

581 1349 794 1429 inquit,
843 1348 1142 1408 Dominum
1201 1347 1644 1410 Gubernatorem
1702 1346 2063 1425 defatigatum
2081 1391 2098 1419 ‚
2153 1348 2233 1408 ita
2275 1352 2334 1406 ut
2380 1345 2521 1406 mibi
2563 1346 2705 1405 nihil
2747 1345 3075 1426 respondere
3114 1353 3313 1427 queat,
3358 1367 3463 1410 nec
3502 1349 3639 1409 ullas

584 1471 744 1514 ansas
797 1450 960 1523 dare,
1022 1450 1232 1530 quibus
1279 1452 1548 1510 latentem
1601 1450 1782 1510 morbi
1839 1448 1926 1510 sui
1983 1449 2227 1510 indolem
2285 1447 2693 1529 apprehendere
2741 1449 2981 1530 possim:
3038 1469 3133 1510 vos
3172 1457 3354 1510 autem
3394 1451 3489 1531 qui
3528 1451 3641 1512 iam

583 1575 744 1636 saepe
796 1554 978 1634 ipsum
1031 1553 1320 1616 audivistis
1376 1572 1442 1614 ea
1495 1558 2016 1614 commemorantem
2039 1599 2054 1625 ,
2107 1551 2250 1612 mihi
2299 1551 2369 1612 ad
2412 1571 2587 1631 pauca
2626 1552 2969 1632 respondete.
3052 1553 3251 1633 Coepit
3285 1553 3456 1630 igitur
3496 1573 3646 1632 sym·-

581 1663 832 1738 ptomata
868 1658 1058 1718 omnia
1095 1657 1412 1718 examinare
1465 1655 1706 1716 actionis
1747 1658 1956 1729 laesae,
2012 1655 2294 1737 qualitatis
2335 1659 2579 1715 mutatae
2598 1661 2655 1714 et
2676 1662 3177 1727 excrementorum,
3229 1675 3522 1736 causasque
3562 1659 3649 1718 in·

581 1765 771 1822 ternas
822 1766 880 1821 et
935 1766 1192 1820 externas
1249 1779 1444 1820 omnes
1481 1761 1766 1841 explorare
1785 1805 1800 1833 ,
1859 1759 2130 1840 certisque
2169 1757 2391 1821 indiciis
2429 1757 2793 1839 deprehendit
2828 1757 3001 1818 ictero
3038 1758 3214 1839 ipsum
3258 1761 3509 1822 laborare
3552 1781 3645 1842 pa-

583 1864 724 1924 triae
778 1869 998 1924 nostrae
1055 1863 1322 1922 insolenti
1343 1907 1358 1933 ,
1419 1861 1516 1922 sed
1557 1863 1751 1924 Italiae
1791 1863 2064 1943 frequenti
2105 1861 2259 1941 (nam
2297 1864 2481 1943 plures
2518 1861 2727 1922 similes
2766 1861 2845 1921 ibi
2887 1881 3041 1922 casus
3082 1862 3347 1943 viderat),
3388 1864 3649 1926 nimirum

583 1967 888 2038 virulento,
957 1986 994 2026 a
1047 1985 1258 2027 veneno
1317 1952 1537 2025 hausto.
1618 1967 1906 2034 Hactenus
1949 1965 2302 2026 Gubernator
2342 1967 2597 2036 siluerat,
2640 1971 2698 2025 at
2736 1966 2817 2025 ita
2856 1966 3039 2026 morbi
3080 1965 3163 2026 sui
3202 1967 3457 2026 intimam
3494 1965 3653 2028 indo·

582 2069 694 2128 lem
755 2067 1028 2128 detectam
1094 2086 1323 2128 cernens
1338 2111 1354 2138 ,
1421 2069 1694 2128 exclamat
1749 2067 2110 2128 mirabundus
2125 2113 2142 2141 ‚
2203 2067 2427 2130 unicum
2486 2069 2741 2130 iuvenem
2784 2067 2891 2128 sibi
2932 2067 3261 2128 satisfecisse
3277 2112 3294 2139 ,
3348 2089 3383 2128 a
3422 2068 3649 2148 reliquis

585 2169 730 2230 nihil
787 2190 848 2230 se
901 2171 1008 2230 nisi
1065 2169 1520 2247 defatigationem
1579 2177 1998 2248 consequutum.
2093 2169 2369 2249 Reliquos
2420 2169 2592 2248 igitur
2650 2170 2891 2232 medicos
2928 2190 3123 2232 omnes
3162 2169 3427 2243 dimittit,
3470 2173 3649 2232 solum

583 2288 910 2333 nmmum
948 2273 1242 2334 sanitatem
1283 2291 1438 2333 suam
1481 2291 1670 2332 curare
1704 2271 1920 2332 iubet.”

603 2421 612 2428 .
667 2374 748 2451 ¹⁸)
809 2379 1048 2436 Partus
1107 2391 1280 2435 Paaw
1335 2373 1446 2448 (sic
1505 2392 1665 2434 suum
1717 2375 1836 2454 ipse
1889 2391 2090 2434 nornen
2147 2373 2367 2453 scripsit
2408 2372 2467 2432 in
2506 2373 2697 2445 libris,
2754 2394 2893 2453 quos
2938 2375 3171 2449 edidit,)
3221 2400 3271 2438 a.
3318 2381 3475 2438 1564
3516 2381 3653 2438 Am·

579 2477 879 2538 etebdami
931 2477 1160 2558 patricia
1201 2475 1414 2536 familia
1451 2481 1646 2547 natus,
1705 2475 1942 2556 primum
1977 2475 2184 2536 Leidae
2203 2521 2219 2548 ,
2279 2475 2481 2536 deinde
2520 2476 2775 2537 Lutetiae
2813 2476 3146 2538 Parisiorum
3187 2478 3247 2538 in
3290 2478 3531 2540 medieas
3572 2479 3657 2540 di·

577 2579 842 2661 seipliuaa
893 2579 1150 2640 incubuit
1201 2576 1482 2640 universas
1503 2624 1518 2651 ‚
1559 2578 1617 2639 in
1663 2585 1956 2641 anatomen
2017 2585 2212 2660 postea
2259 2579 2585 2659 praesertim
2622 2579 2946 2653 Rostockii,
3002 2581 3099 2642 ubi
3142 2581 3383 2642 doctoris
3420 2581 3655 2660 gradum

578 2687 914 2744 consecutus
969 2687 1070 2742 est.
1150 2680 1292 2742 Inde
1354 2682 1428 2743 ab
1489 2701 1636 2742 anno
1697 2685 1852 2742 1589
1913 2702 2085 2762 usque
2144 2680 2212 2742 ad
2269 2683 2462 2754 1617,
2520 2702 2629 2761 quo
2670 2682 2785 2743 vita
2825 2682 3021 2755 cessit,
3062 2683 3123 2742 in
3166 2681 3467 2746 Academia
3503 2685 3653 2763 Lug·

577 2785 976 2845 duno-Batava
1028 2803 1258 2846 munere
1306 2783 1674 2846 Professsoris
1715 2784 1938 2846 functus
1978 2789 2064 2844 est
2101 2787 2266 2861 atque
2308 2787 2427 2842 tum
2465 2780 2601 2842 alias
2640 2782 2945 2844 medicinae
2982 2790 3197 2864 partes,
3246 2791 3363 2846 tum
3404 2785 3655 2867 inprimis

578 2889 906 2948 Anatomen
945 2891 1004 2946 et
1041 2887 1208 2947 ctiam
1248 2886 1558 2950 Botanicen
1597 2887 1804 2948 docuit.
1887 2886 1992 2948 off.
2037 2903 2294 2948 nauasn
2335 2887 2589 2946 Athenae
2628 2889 2768 2947 Bac.
2811 2908 2869 2968 p.
2914 2892 3031 2946 264
3072 2907 3189 2968 seq.

671 2989 748 3071 ¹“V)
809 2989 1134 3051 Ramnes
1174 3007 1462 3063 nonnus,
1521 2991 1668 3052 filins
1709 3004 2014 3063 samma,
2077 3011 2130 3051 a.
2175 2992 2332 3053 1576
2378 2987 2585 3051 Leidae
2624 2994 2820 3063 natus,
2874 2988 3005 3051 inde
3044 2990 3116 3051 ab
3156 3012 3211 3052 a.
3255 2993 3413 3052 1603
3456 2991 3663 3072 proies·

583 3092 739 3153 soria
790 3091 1064 3169 dignitate
1121 3093 1330 3155 ibidem
1387 3094 1682 3173 Physicam
1739 3095 1958 3166 docuit,
2023 3094 2095 3155 ab
2135 3115 2187 3156 a.
2234 3098 2389 3158 1607
2440 3094 2509 3155 ad
2557 3100 2747 3167 1628,
2790 3115 2901 3174 quo
2941 3094 3087 3154 diem
3131 3093 3275 3155 obiit
3312 3114 3656 3175 supremum,

587 3194 950 3257 Medicinam.
1014 3197 1104 3257 Ci.
1147 3214 1552 3272 amoenum,
1599 3200 1794 3259 Geeeh.
1833 3198 1932 3258 der
1973 3197 2242 3257 Leidsche
2279 3200 2673 3274 Hooqeeehool
2690 3243 2707 3271 ,
2749 3199 2819 3259 T.
2861 3196 2957 3268 11,
3001 3218 3057 3277 p.
3106 3201 3199 3257 83·
3224 3216 3351 3285 θος..

676 3297 754 3379 ¹⁸)
814 3299 992 3359 Orno
1039 3317 1344 3363 navamus
1387 3322 1444 3362 a.
1490 3304 1641 3366 1577
1689 3300 1940 3363 Traiecti
1979 3306 2173 3373 natus,
2228 3307 2383 3382 patre
2426 3308 2677 3375 mortuo,
2721 3322 2773 3363 a.
2819 3305 2973 3361 1601
3020 3300 3335 3363 Medicinae
3374 3300 3658 3361 Professor

591 3422 660 3481 in·
695 3400 1001 3463 Academia
1037 3404 1568 3481 Lugduno-Batava.
1594 3408 1840 3478 creatus,
1882 3424 1985 3484 per
2023 3406 2300 3467 saeculnm
2341 3405 2689 3467 dimidiatum
2730 3405 2849 3465 iere
2884 3424 3117 3465 munere
3152 3402 3263 3465 isto
3295 3404 3517 3465 functus
3552 3408 3659 3464 est-

681 3504 757 3585 ¹⁹)
817 3505 904 3565 De
960 3505 1194 3567 clinicae
1243 3506 1612 3568 institutionis
1660 3507 1720 3568 in
1761 3506 2064 3567 Academia
2106 3507 2623 3585 Lugduno·Batava
2658 3507 2836 3569 initiis
2876 3507 3070 3579 docte,
3114 3513 3175 3567 ut
3215 3508 3391 3579 solet,
3434 3514 3491 3566 et
3530 3504 3655 3565 dili·

597 3612 795 3683 genter
853 3609 1116 3669 tractavit
1171 3610 1242 3671 cl.
1301 3627 1442 3671 aaa.
1507 3626 1684 3671 cona.
1735 3626 1914 3671 mu.
1973 3626 2278 3671 sumnam
2330 3610 2389 3671 in
2448 3610 2623 3671 diario
2676 3610 2789 3671 iam
2840 3610 3091 3682 laudato,
3146 3608 3295 3687 quod
3344 3606 3663 3667 inscribitur

605 3711 1062 3771 aeNederlandscb
1122 3710 1456 3787 fissack-ia
1512 3732 1648 3774 ocor
1713 3714 2130 3775 Geneeekaadd'
2175 3735 2228 3773 a.
2275 3718 2453 3774 1862.
2517 3714 2609 3775 Oi.
2654 3713 2821 3774 etiam
2864 3728 3269 3781 emanasset,
3330 3712 3521 3769 θρασὺ.
3560 3710 3659 3769 der

599 3814 868 3875 Leidsehe
909 3818 1322 3891 Hooyeschool,
1364 3816 1436 3876 T.
1473 3816 1572 3888 H,
1613 3837 1669 3897 p.
1716 3820 1832 3877 109
1873 3836 2028 3896 seqq.

689 3914 768 3996 ²⁸)
828 3918 1126 3979 Ewatnus
1185 3934 1586 3979 sonavmus
1637 3936 1785 3979 anno
1832 3920 1986 3983 1575
2034 3918 2234 3995 Hagae
2277 3918 2543 3979 comitum
2585 3920 2779 3989 natue,
2822 3914 2952 3975 inde
2990 3914 3063 3975 ab
3102 3934 3248 3975 anno
3295 3918 3453 3975 1624
3491 3932 3661 3995 usque

602 4016 672 4079 ad
718 4022 869 4082 1647
890 4065 907 4093 ,
947 4040 1057 4099 quo
1101 4020 1418 4082 demortuus
1457 4028 1574 4092 est,
1618 4020 1820 4081 Ordini
1860 4020 2199 4083 medicorum
2233 4020 2291 4081 ia
2331 4019 2633 4081 Academia
2670 4019 3183 4097 Lugduno·Batava
3207 4016 3513 4099 adscriptus
3532 4017 3657 4081 fuit.

686 4118 764 4201 ²⁸)
827 4122 1208 4183 Gemmeus
1267 4136 1614 4185 arasa-anus
1675 4127 1827 4197 (vau
1887 4140 2010 4185 naa
2073 4140 2346 4185 amaran
2404 4124 2521 4183 sive
2574 4139 2697 4183 van
2746 4140 2869 4183 naa
2912 4139 3254 4194 armauit,
3307 4127 3371 4183 ut
3408 4121 3469 4183 in
3510 4121 3661 4202 picta

605 4223 810 4299 legitur
847 4224 1019 4305 ipsias
1061 4224 1335 4302 imagine,
1379 4245 1522 4305 quae
1561 4231 1871 4287 asservatur
1907 4225 1966 4285 in
2008 4227 2264 4287 senaculo
2304 4225 2683 4300 Traiectino,)
2736 4246 2881 4287 anno
2924 4230 3081 4287 1598
3119 4226 3360 4287 Traiecti
3400 4225 3473 4287 ad
3511 4226 3663 4287 Rhe·

607 4344 742 4386 num
798 4327 1034 4407 patricia
1087 4333 1270 4405 gente.
1315 4334 1478 4389 natus
1527 4334 1632 4390 est.
1714 4328 1804 4389 De
1859 4327 1972 4389 vita
2029 4328 2134 4389 viri
2173 4328 2336 4391 buius
2374 4328 2827 4411 praestantissimi
2867 4329 3013 4390 coni.
3054 4348 3108 4391 o.
3143 4346 3463 4391 aunuatim
3510 4328 3661 4406 stad.

606 4430 756 4489 ma,
797 4450 856 4508 p.
899 4434 1016 4489 sss
1057 4450 1178 4509 seq.

691 4530 774 4605 ²²)
839 4531 1068 4593 Certum
1125 4538 1212 4593 est
1231 4576 1246 4603 ‚
1301 4531 1362 4591 in
1419 4530 1728 4609 Gymnasio
1777 4531 2046 4593 Patavino
2084 4533 2196 4593 iam
2237 4552 2387 4593 anno
2432 4534 2585 4597 1578
2630 4531 2886 4593 clinicam
2924 4530 3217 4611 quamdam
3260 4528 3664 4591 institutionem

609 4633 790 4694 lesum
852 4634 1129 4696 babuisse.
1213 4634 1326 4695 Vix
1387 4634 1750 4697 dubitandum
1807 4640 1992 4697 tamen
2009 4682 2026 4709 ,
2083 4636 2216 4716 quin
2235 4680 2251 4709 ,
2307 4655 2418 4716 quo
2467 4642 2713 4717 tempore
2755 4634 2815 4694 in
2860 4639 3047 4695 nostra
3089 4632 3267 4714 patria
3308 4630 3659 4703 fundaretur,

613 4738 698 4797 vel
760 4738 1088 4800 exolevisset
1141 4756 1364 4819 prorsus
1417 4740 1504 4799 vel
1563 4736 1636 4799 ad
1686 4736 1920 4820 ineptias
1971 4737 2375 4817 degenerasset.
2460 4738 2623 4799 Coei.
2676 4754 2800 4799 uc.
2850 4752 3008 4797 rma.
3048 4748 3341 4795 ’romanu
3354 4777 3372 4806 ,
3426 4733 3659 4810 Gymna-
