4728 5991
1074 584 1203 650 216
2080 589 2131 655 Ι.
2192 589 2245 654 1.
2310 611 2460 654 van
2517 587 3096 656 OOSTERZEE

1062 791 1193 866 hoc
1258 791 1728 893 philosophiae
1792 796 2069 868 nomine
2138 795 2664 886 venditabatur,
2731 798 3007 896 saepius
3065 794 3167 870 nil
3231 803 3378 871 erat
3423 820 3632 894 quam
3679 800 4110 870 restauratus

1060 913 1609 1002 Naturaliamus,
1660 913 1881 990 forma
1930 939 2067 989 non
2114 914 2305 990 fonte
2360 915 2450 992 ab
2495 917 2882 1015 antiquiore
2931 917 3283 1003 diversus,
3335 916 3450 990 cui
3497 916 3732 990 omnia
3777 939 4110 1014 suprana-

1058 1033 1308 1108 turalia
1374 1033 1513 1110 iam
1576 1043 1771 1110 erant
1831 1034 2311 1134 supradivina,
2383 1035 2695 1136 adeoque
2763 1036 2952 1110 nullo
3004 1035 3208 1110 modo
3267 1035 3722 1110 admittenda.
3827 1036 3939 1108 Ex
3999 1033 4104 1108 his

1062 1151 1467 1250 parentibus
1526 1152 1807 1227 tandem
1878 1161 2147 1228 mutata
2209 1153 2456 1228 mundi
2521 1155 3011 1254 contemplatio
3077 1156 3219 1228 sive
3279 1155 3614 1229 recentior
3695 1155 4109 1254 Cosmoloyia

1002 1287 1011 1304 '
1066 1279 1230 1347 nata
1298 1278 1443 1360 est,
1512 1271 1821 1346 Biblicae
1891 1273 2301 1372 expositioni
2369 1273 2457 1347 de
2508 1275 2658 1349 Deo
2711 1274 3308 1373 supra-mundano
3354 1274 3788 1372 implacabile
3845 1273 4112 1349 bellum

1066 1390 1451 1479 declaratio,
1518 1392 1889 1490 ipsumque
1947 1393 2176 1466 Deum
2235 1415 2624 1468 coritarum
2671 1394 2950 1468 nomine
3003 1403 3279 1481 vetans,
3333 1417 3422 1466 ne
3465 1393 3638 1491 quid
3687 1392 4112 1468 miraculum

1066 1509 1321 1585 ederet.
1424 1512 1637 1590 Quod
1700 1535 2119 1587 xnrrnnaus
2190 1537 2327 1587 non
2395 1513 2608 1602 vidit,
2675 1537 2802 1587 nec
2865 1535 3291 1588 an'romus
3345 1513 3601 1600 credit,
3661 1513 3852 1612 apud
3904 1511 4118 1586 huius

1070 1630 1547 1730 Cosmologiae
1618 1631 1920 1707 fautores
1985 1633 2123 1706 iam
2201 1641 2510 1723 constat,
2581 1635 2851 1709 coelum
2914 1658 3008 1708 sc.
3099 1632 3450 1707 Biblicum
3509 1641 3582 1706 et
3637 1633 4120 1706 Christianum

1067 1750 1548 1826 Astronomiae
1594 1776 1725 1852 ope
1774 1752 2129 1828 sublatum
2179 1778 2366 1842 esse3
2441 1779 2602 1828 cum
2673 1776 2928 1828 marn
2988 1776 3382 1828 Amerinam
3431 1761 3804 1852 systemate
3858 1750 4110 1826 mundi

1068 1870 1298 1970 ipsum
1350 1871 1867 1969 scripturarium
1914 1872 2250 1946 corruisse
2292 1872 2746 1947 contendunt.
2849 1872 3046 1950 Quid
3093 1881 3444 1946 caeterum
3491 1873 3578 1946 de
3625 1873 3775 1946 Deo
3819 1872 4117 1980 eiusque

1070 1989 1399 2064 relatione
1448 1990 1539 2064 ad
1586 1991 1929 2065 mundum
1980 1992 2293 2067 iudicent
2338 1994 2586 2082 multi,
2637 1993 2765 2068 hoc
2807 2017 2946 2066 uno
2989 1993 3171 2066 inter
3207 2017 3356 2066 sese
3394 1992 3596 2090 plane
3627 1992 4117 2076 consentiunt,

1072 2108 1251 2184 hanc
1310 2108 1711 2184 relationem
1782 2111 1880 2185 ita
1944 2113 2233 2210 proponi
2300 2112 2551 2188 debere
2571 2173 2590 2202 ,
2666 2122 2744 2187 ut
2803 2112 3206 2188 immediato
3254 2119 3465 2210 atque
3516 2111 3930 2186 miraculoso
3981 2109 4114 2183 Dei

1071 2229 1489 2304 interventui
1537 2230 1773 2304 nullus
1819 2231 2103 2306 omnino
2150 2232 2452 2332 denique
2501 2232 2999 2332 relinquendus
3049 2233 3140 2305 sit
3188 2230 3416 2306 locus!

1166 2349 1305 2423 ΙΙΙ.
1378 2349 1807 2448 Scepticismi
1858 2351 2251 2426 recentioris
2303 2353 2762 2427 characterem
2809 2362 3018 2451 atque
3064 2351 3403 2450 originem
3445 2351 3612 2425 satis
3659 2349 4116 2424 adumbrasse

1070 2468 1269 2542 nobis
1323 2468 1653 2543 videmur.
1755 2470 1833 2544 Si
1887 2494 2041 2546 vero
2083 2470 2171 2544 de
2219 2470 2407 2546 illius
2447 2476 2600 2547 iure
2649 2473 2788 2547 iam
2844 2473 3198 2571 quaeritur
3218 2529 3240 2561 ,
3289 2470 3610 2546 lubenter
3655 2469 3820 2544 huic
3869 2493 4116 2566 quaes·

1070 2588 1238 2663 tioni
1310 2588 1409 2664 ita
1478 2588 1859 2686 respondeo
1878 2647 1897 2678 ,
1966 2599 2047 2664 ut
2118 2617 2297 2690 quae
2354 2593 2588 2691 aliquo
2645 2592 2853 2668 modo
2921 2617 3210 2692 possum
3273 2591 3664 2666 concedam.
3787 2587 4116 2662 Concedo

924 2733 931 2742 ·
1069 2732 1279 2806 quam
1326 2706 1844 2796 lubentissime,
1898 2709 2243 2806 permulta
2302 2710 2373 2784 in
2428 2711 2712 2786 veritate
2757 2710 3098 2810 patefacta
3138 2711 3340 2786 nobis
3391 2709 3732 2809 theologis
3777 2708 4080 2783 obscura
4101 2766 4120 2795 ‚

1068 2829 1210 2902 imo
1256 2827 1472 2901 dubia
1516 2851 1957 2925 permanere,
2008 2835 2114 2904 tot
2160 2830 2436 2906 nebulis
2489 2832 2748 2931 quippe
2793 2831 3056 2922 offusa,
3109 2839 3188 2906 ut
3239 2829 3394 2920 hie,
3447 2830 3506 2904 si
3555 2853 3861 2928 unquam
3907 2827 4118 2916 alibi,

1069 2948 1309 3023 iudicii
1376 2949 1619 3044 ἐποχή
1676 2971 1806 3021 usu
1862 2948 2127 3039 veniat,
2192 2976 2404 3051 quam
2451 2951 2652 3027 nobis
2699 2952 3190 3027 commendant
3236 2951 3647 3051 philosophi.
3751 2948 4116 3037 Concedo,

1073 3067 1345 3166 saepius
1414 3068 1487 3139 in
1562 3092 1893 3166 magnum
1959 3070 2179 3167 ipsius
2243 3072 2546 3145 veritatis
2609 3072 3104 3171 detrimentum
3167 3082 3504 3171 tanquam
3560 3094 3717 3145 vera
3779 3067 4120 3167 proponi,

1074 3211 1277 3287 quae·
1322 3188 1433 3259 vix
1504 3187 1951 3276 verosimilia3
2022 3197 2353 3288 tanquam
2422 3191 2830 3266 verosimilia
2883 3218 3064 3290 quae
3115 3192 3226 3265 vix
3275 3190 3627 3291 possibilia
3684 3197 3890 3277 sunt,
3943 3190 4122 3263 adeo

1074 3315 1155 3381 ut
1226 3307 1583 3394 nonnulli,
1656 3308 1887 3382 studio
1958 3310 2189 3383 omnia
2213 3368 2231 3397 ,
2304 3336 2482 3409 quae
2549 3312 2800 3387 tradita
2864 3320 3062 3387 erant
3084 3370 3102 3399 ,
3173 3310 3590 3385 defendendi
3639 3308 3932 3407 -abrepti
3953 3367 3973 3396 ,
4045 3308 4118 3381 in

1071 3426 1323 3501 iustam
1406 3427 1816 3525 pertinaciae
1898 3430 2357 3526 suspicionem
2433 3432 2838 3507 inciderent.
2970 3433 3327 3520 Concedo,
3407 3430 3599 3505 brevi
3680 3437 3758 3501 ut
3841 3427 4074 3502 dicam
4097 3485 4117 3516 ,

1076 3546 1458 3646 Theologos
1518 3548 1965 3645 Dogmatieos
2011 3548 2307 3622 subinde
2358 3549 2655 3623 nimium
2709 3574 2958 3648 pronos
3001 3550 3216 3624 fuisse
3259 3550 3350 3623 ad
3397 3548 3792 3646 exemplum
3837 3545 4120 3619 illorum

1076 3667 1565 3765 sequendum,
1597 3667 1685 3741 de
1740 3667 1997 3765 quibus
2050 3692 2666 3743 wr'r‘rnunmnms
2715 3669 3066 3768 queritur:
3128 3668 3359 3769 nquod
3410 3669 3481 3741 in
3537 3666 3850 3742 aedificio
3905 3665 4120 3739 fabri·

1078 3788 1297 3863 cando
1345 3787 1623 3861 initium
1676 3787 1931 3862 faciant
1958 3814 2023 3861 -a
2075 3796 2257 3863 tecto
2306 3797 2380 3860 et
2429 3788 2620 3885 apice
2647 3844 2666 3875 ,
2730 3787 2818 3861 de
2861 3787 3335 3862 fundamentis
3376 3797 3446 3860 et
3487 3784 3870 3884 parietibus
3926 3783 4120 3857 haud

1074 3908 1527 4008 cogitantes.''
1566 3910 1622 4000 ¹)
1706 3910 1855 3982 Nec
1903 3909 2208 4008 profecto
2263 3908 2590 3981 Criticam
2641 3906 2820 3981 duco
2868 3908 3058 4005 parvi
3101 3906 3482 3981 faciendam
3505 3964 3525 3994 ,
3575 3928 3786 4004 quam
3837 3918 4120 3979 s'ummo

1074 4028 1221 4102 iure
1290 4050 1763 4103 nunnxnmus
1842 4028 2321 4129 ''antiquitatis
2383 4027 2610 4102 omnis
2662 4028 3104 4126 interpretem
3159 4037 3228 4100 et
3279 4026 3576 4100 iudicem
3602 4084 3621 4112 ,
3677 4024 3820 4098 veri
3867 4024 4118 4099 obrus-

1075 4171 1217 4221 sam
1244 4205 1262 4233 ,
1312 4148 1637 4221 fraudum
1690 4148 2183 4247 indagatricem
2210 4207 2230 4237 ,
2296 4148 2836 4247 corruptelarum
2891 4146 3470 4246 expulsatricem”
3531 4145 3816 4219 vocavit.
3919 4146 4116 4219 Dor.-

1078 4288 1275 4341 nnsu
1342 4266 1719 4339 sententiae
1764 4266 2171 4342 subscribo:
2248 4292 2379 4341 nne
2425 4266 2658 4341 omnia
2706 4265 3058 4365 explorare
3097 4266 3586 4364 pertimescant
3639 4264 3983 4365 theologi,
4029 4289 4118 4339 ne

1077 4385 1379 4461 criticam
1448 4385 1680 4484 magni
1748 4386 1967 4461 facere
2044 4386 2434 4462 desinant?
2535 4386 2674 4460 Sed
2733 4411 2894 4460 cum
2967 4386 3206 4461 eodem
3275 4384 3674 4461 addendum
3740 4394 4118 4483 putamus:

1162 4770 1210 4850 ¹)
1252 4770 1581 4832 Wrrrrun.
1622 4770 1679 4830 in
1726 4770 1837 4829 vita
1880 4783 2236 4830 aunuatim.
2280 4770 2482 4851 Opusc.
2523 4771 2576 4830 1.
2615 4790 2666 4850 p.
2714 4776 2847 4829 544.
