4728 5991
1115 563 1247 632 228
2130 565 2179 633 1.
2246 565 2296 630 1.
2362 585 2515 630 var«
2574 562 3164 629 oos'rnnzssn

1117 773 1367 862 blicue,
1430 771 1599 846 sana
1662 771 1729 845 vi
1792 771 1992 846 vocis.
2094 770 2548 845 sanctissima
2601 769 2900 845 Archiva
2953 768 3152 870 regni
3193 770 3537 846 coelorum
3557 827 3578 860 ,
3628 770 3702 844 in
3753 771 3828 846 S.
3872 771 3954 848 C.
3999 796 4150 848 con·

1119 892 1433 992 signata,
1476 891 1815 967 nocturna
1855 897 2081 965 versat
2130 915 2387 978 manu,
2437 901 2799 990 versatque
2845 891 3115 966 diurna.
3183 889 3328 964 Ubi
3357 899 3592 966 autem
3621 889 3930 989 penitius
3957 915 4150 989 pene·

1114 1019 1295 1086 trare
1338 1036 1477 1086 non
1524 1021 1794 1111 potest,
1857 1014 1951 1086 τὸ
1986 1013 2242 1120 Athos
2286 1009 2440 1105 ἲφα
2483 1011 2730 1110 optimi
2769 1011 3092 1111 Magistri
3136 1019 3500 1085 veneratur
3521 1068 3540 1097 ‚
3582 1017 3692 1110 τῷ
3735 1018 4155 1112 γέγραπται

1118 1133 1353 1206 divino
1390 1132 1802 1208 obstrictum
1849 1157 1925 1206 se
1978 1157 2115 1206 non
2164 1132 2418 1206 sentire
2461 1155 2599 1206 non
2665 1140 2914 1230 potest.
3015 1131 3132 1206 Ad
3177 1130 3312 1204 Dei
3355 1130 3818 1230 cognitionem
3844 1189 3865 1218 ,
3917 1132 3979 1206 si
4027 1155 4154 1208 non

1118 1253 1618 1353 adaequatam,
1688 1262 1992 1328 attamen
2056 1276 2286 1326 veram
2334 1252 2750 1326 adscendere
2801 1251 3124 1350 cupiens,
3177 1251 3268 1326 ab
3315 1251 3508 1326 omui
3554 1251 4154 1328 Intellectualismo

1114 1372 1480 1463 abhorret,
1552 1399 1693 1473 quo
1755 1372 1965 1447 nimis
2018 1372 2217 1448 facile
2280 1372 2585 1447 veritatis
2635 1372 3031 1447 informatio
3073 1381 3286 1471 atque
3335 1372 3526 1446 notio
3576 1372 3956 1448 subiectiva
4003 1395 4155 1448 cum

1112 1492 1265 1594 ipsz‘i
1336 1495 1621 1569 veritate
1696 1493 2041 1569 miscetur.
2142 1493 2398 1566 Pectus
2469 1493 2912 1592 potissimum
2983 1500 3124 1580 est,
3199 1491 3388 1592 quod
3464 1491 3896 1589 Theologum
3966 1491 4154 1566 illum

1114 1613 1379 1702 effecit,
1448 1623 1691 1713 pectus
1753 1614 2084 1712 inquam,
2152 1611 2640 1686 ardentissimo
2687 1637 2920 1686 amore
2971 1611 3232 1686 Christi
3279 1613 3711 1710 fratrumque
3753 1611 4152 1710 impletum,

1112 1736 1227 1810 cui
1296 1759 1622 1812 numam
1696 1744 2139 1834 praeceptum
2205 1733 2504 1806 infixum
2561 1742 2706 1808 est:
2785 1757 2966 1806 anon
3025 1755 3176 1806 esse
3221 1731 3692 1831 Theologum,
3743 1732 3867 1830 qui
3914 1757 4154 1832 magna

1120 1857 1337 1931 nsciat
1398 1865 1469 1930 et
1518 1857 1741 1930 multa
1794 1855 2079 1941 doceat,
2134 1855 2256 1927 sed
2306 1853 2428 1951 qui
2479 1863 2712 1928 sancte
2758 1861 2830 1926 et
2878 1851 3257 1950 theologice
3305 1851 3566 1926 vivat.”
3633 1851 3833 1926 Fidei
3879 1852 4154 1926 firmiter

1112 1981 1319 2048 tenax
1348 2031 1367 2062 ,
1443 1999 1672 2048 veram
1750 1975 1937 2048 illam
2020 1973 2504 2048 liberalitatem
2583 1981 2926 2060 sectatur,
3007 1997 3185 2070 quae
3257 1971 3506 2045 nullibi
3573 1971 3707 2045 nisi
3771 1971 3846 2046 in
3908 1971 4154 2046 Christi

1116 2092 1351 2168 schola
1423 2093 1763 2181 discetur,
1838 2100 1909 2166 et
1968 2092 2285 2190 quamvis
2339 2091 2427 2164 de
2476 2089 2912 2164 sanctissima
2956 2115 3070 2178 re,
3125 2105 3336 2189 quam
3390 2091 3785 2189 profitetur,
3837 2091 3974 2166 sibi
4015 2116 4151 2190 per-

1118 2211 1599 2288 suasissimum
1666 2213 1973 2300 habena,
2042 2236 2179 2285 nou
2245 2210 2444 2285 facile
2514 2220 2744 2285 tamen
2809 2210 3293 2299 obliviscetur,
3365 2235 3438 2284 se
3505 2237 3589 2285 ex
3653 2221 3848 2310 parte
3899 2219 4154 2288 tantum

1115 2356 1469 2430 cognosse.
1571 2332 1839 2408 Amicis
1902 2357 1976 2406 se
2043 2356 2181 2406 non
2228 2331 2574 2429 mancipio
2615 2331 2856 2419 dabit,
2907 2330 3330 2406 adversarios
3378 2355 3820 2430 nequaquam
3859 2342 4150 2408 contem·

1114 2463 1276 2539 net,
1360 2453 1481 2526 sed
1554 2451 1627 2526 in
1702 2452 1788 2526 i'1‘s
1857 2452 2063 2526 etiam
2092 2511 2112 2540 ,
2186 2476 2361 2550 quos
2427 2451 2885 2525 conscientiae
2950 2452 3162 2526 causa
3226 2460 3624 2550 oppugnat,
3695 2451 4153 2528 sublimiorem

1112 2597 1465 2671 quemque
1520 2571 1749 2646 nisum
1801 2572 1979 2648 laete
2040 2570 2478 2658 observabit,
2531 2571 2671 2644 alta
2727 2578 2957 2644 mente
3000 2568 3173 2643 illud
3222 2593 3444 2646 mum
3490 2578 3842 2669 repostum
3891 2581 4150 2648 tenens:

1116 2691 1390 2769 δοῦλον
1463 2691 1549 2769 δὲ
1620 2696 1914 2792 Κυρίου
1983 2695 2079 2768 ου’
2146 2691 2277 2767 δεῖ
2330 2692 2788 2787 μάχεσθαι,
2848 2688 3009 2765 ἀλλ’
3059 2696 3283 2782 ἤπιον
3339 2688 3552 2767 εἶναι
3603 2694 3794 2791 πρὸς
3841 2693 4150 2778 πάντας.

1110 2813 1417 2887 Criticus
1484 2821 1630 2901 est,
1704 2836 1841 2886 non
1906 2836 2066 2886 vero
2131 2813 2489 2910 Scepticus
2513 2845 2533 2900 ;
2603 2813 2867 2899 credit,
2937 2835 3062 2885 nec
3115 2824 3348 2886 tamen
3409 2812 3734 2886 credulus
3783 2814 3936 2888 erit.
4037 2815 4152 2888 Per

1108 2933 1321 3008 fidem
1383 2933 1476 3007 ad
1536 2933 1893 3009 scientiam
1919 2991 1939 3022 ,
2004 2957 2129 3033 per
2176 2932 2534 3007 scientiam
2584 2931 2674 3007 ad
2719 2932 2972 3023 fidem,
3024 2933 3406 3009 identidem
3455 2931 3968 3032 profundiorem
4014 2956 4148 3033 pro·

1110 3054 1315 3128 cedit.
1397 3052 1594 3130 Quid
1666 3054 1917 3152 plura?
2006 3056 2119 3127 Ita
2179 3078 2556 3152 germanus
2620 3053 3052 3149 Theologus,
3121 3054 3244 3152 qui
3305 3053 3490 3127 idem
3567 3051 3956 3127 dubitantis
4019 3053 4154 3129 aevi

1110 3172 1435 3247 Medicus
1492 3197 1643 3245 esse
1698 3172 2085 3259 desiderat,
2136 3171 2356 3270 ipsius
2416 3172 2631 3246 divini
2676 3175 2946 3272 Λόγου
2998 3173 3374 3273 imaginem
3426 3172 3867 3272 aliquatenus
3920 3174 4147 3262 refert,

1110 3302 1323 3391 atque
1385 3292 1639 3367 Christi
1706 3288 2337 3391 Apostolorumque
2409 3292 2698 3391 vestigia
2763 3318 3124 3391 premens,
3191 3317 3424 3367 revera
3477 3291 3647 3367 alios
3699 3293 3939 3383 docet,
3991 3320 4148 3395 quae

1109 3412 1261 3512 ipse
1328 3412 1575 3486 intima
1631 3438 1793 3488 cum
1851 3413 2055 3487 Patre
2101 3413 2588 3488 communione
2638 3413 2922 3510 accepit.
3029 3414 3093 3485 O
3147 3414 3409 3486 utinam
3463 3412 3636 3487 tales
3681 3411 3792 3487 his
3843 3416 4145 3515 tempori·

1110 3532 1247 3605 bus
1296 3533 1547 3607 nostris
1593 3542 1943 3607 exstarent
1995 3532 2367 3633 Theologi‚
2421 3558 2711 3607 numero
2759 3533 2860 3605 illi
2909 3558 3178 3632 semper
3227 3532 3519 3607 maiore!
3618 3534 3801 3610 Quis
3845 3534 4144 3623 dubitat,

1108 3653 1279 3752 quin
1348 3653 1475 3728 hac
1543 3652 1653 3726 via
1705 3652 1929 3727 letalis
1982 3653 2474 3752 Scepticismus
2519 3653 2802 3727 tandem
2849 3653 3024 3727 foret
3076 3652 3429 3740 devictus,
3482 3651 3624 3725 imo
3667 3652 3827 3751 quis
3874 3680 4012 3730 non
4063 3656 4142 3731 vi·

1112 3770 1273 3861 det,
1341 3772 1469 3848 hae
1542 3772 1649 3847 via
1714 3774 1801 3847 de
1854 3774 2001 3848 tota
2051 3774 2357 3848 Ecclesia
2405 3768 2800 3848 Christiana
2849 3798 3006 3847 mox
3061 3772 3430 3847 valiturum
3481 3796 3632 3845 esse
3685 3774 4141 3873 propheticum

1108 3890 1505 3990 symbolum
1555 3891 1787 3980 urbis,
1850 3890 1974 3965 ubi
2024 3914 2388 3966 nummus
2441 3890 2610 3965 vixit
2659 3900 2730 3965 et
2780 3898 3094 3967 mortuus
3141 3902 3282 3967 est:
3319 3900 3488 3991 poet
3534 3894 3848 3971 tenebras
3893 3898 4059 3973 luae!

1212 4391 1393 4464 Post
1434 4390 1747 4462 tenebras
1790 4390 1928 4463 lum.
2030 4391 2145 4463 An
2188 4390 2249 4463 is
2298 4414 2430 4486 ego
2471 4388 2602 4463 sim
2645 4389 2924 4463 futurus
2946 4448 2965 4477 ,
3017 4414 3060 4462 a
3108 4413 3249 4487 quo
3289 4391 3362 4464 in
3401 4392 3654 4466 mediis
3691 4392 3944 4469 horum
3985 4404 4135 4471 tem·

1106 4534 1355 4609 porum
1419 4506 1721 4581 tenebris
1784 4506 2293 4605 aliquantulum
2352 4507 2596 4580 saltem
2652 4506 2823 4581 lucis
2871 4506 3286 4609 Theologiae
3339 4509 3826 4610 Ecclesiaeque
3881 4540 4132 4615 speran-

1106 4629 1332 4704 dum?
1422 4629 1537 4702 Ita
1596 4627 1843 4701 saltem
1908 4627 1995 4701 de
2066 4628 2408 4701 tenuitate
2457 4626 2612 4701 mest
2663 4652 2778 4699 vos
2821 4626 3218 4717 iudicastis,
3270 4629 3420 4703 Viri
3463 4630 3940 4725 Nobilissimi,
3986 4639 4132 4711 Am-

1103 4748 1435 4847 piissimi,
1486 4773 1783 4847 quorum
1838 4746 2185 4847 suffragiis
2231 4748 2419 4822 hune
2458 4746 3228 4823 honorificentissimum
3275 4750 3504 4825 locum
3545 4776 3632 4825 ex
3673 4754 4132 4853 augustissimi
