4728 5991
1819 537 2378 648 ο-ὶιΛΤιο.
3539 583 3625 649 45

582 789 760 868 ratio
831 788 1262 890 temporibus
1320 794 1659 890 reguntur
1727 796 1880 865 tum
1935 814 2092 866 vero
2139 790 2346 866 etiam
2396 789 2828 893 eloquentia,
2902 815 3042 888 qua
3096 789 3267 864 nihil
3310 797 3417 865 est
3456 815 3621 866 cum

583 909 1018 986 humanitate
1062 908 1520 985 coniunctius.
1620 910 1733 984 Ita
1783 908 2375 1010 quemadmodum
2423 908 2681 1011 singuli
2719 908 3031 985 homines
3076 934 3283 984 suum
3326 908 3625 1008 quisque

585 1029 858 1106 dicendi
920 1053 1146 1131 genus
1210 1036 1634 1128 sequuntur,
1685 1030 1782 1104 sic
1837 1029 2267 1129 singularum
2313 1055 2591 1131 quoque
2639 1039 2951 1106 aetatum
3000 1030 3217 1104 oratio
3270 1029 3626 1130 proprium

589 1149 943 1251 quoddam
993 1148 1204 1225 habet
1247 1157 1317 1224 et
1359 1148 1722 1248 peculiare.
1824 1149 1982 1224 Hoc
2033 1174 2310 1249 quoque
2355 1151 2739 1226 notandum
2788 1157 2861 1225 et
2895 1149 3441 1250 pernoscendum
3482 1155 3619 1238 est,

589 1272 648 1346 si
705 1270 864 1370 quis
917 1270 1006 1344 de
1053 1270 1523 1345 monumentis
1571 1267 1836 1368 ingenii
1889 1269 2176 1344 humani
2226 1279 2409 1344 recte
2452 1271 2843 1346 existimare
2894 1270 3077 1344 velit.
3178 1269 3504 1368 Namque
3546 1277 3627 1344 ut

589 1391 679 1465 de
723 1390 991 1490 pictura
1044 1414 1200 1464 vere
1245 1389 1534 1465 iudicari
1577 1413 1716 1463 non
1760 1396 2028 1487 potest,
2079 1389 2214 1463 nisi
2261 1389 2333 1464 in
2377 1390 2618 1465 eadem
2658 1390 2811 1466 luce
2857 1390 2928 1464 in
2976 1414 3115 1490 qua
3164 1398 3271 1462 est
3310 1389 3631 1464 absoluta

589 1509 1036 1611 proponitur,
1103 1510 1200 1584 sic
1263 1509 1350 1584 de
1399 1507 1724 1607 operibus
1768 1508 2096 1582 orationis
2145 1507 2471 1583 facultate
2514 1509 2833 1607 perfectis
2874 1533 3163 1609 pravum
3207 1515 3419 1608 atque
3475 1533 3627 1608 per-

592 1654 868 1705 versum
951 1629 1289 1705 iudicium
1369 1629 1539 1716 erit,
1613 1628 1748 1703 nisi
1815 1628 1968 1703 luce
2042 1635 2433 1728 temporum
2504 1629 2940 1704 illustrantur
3014 1628 3273 1728 quibus
3350 1628 3633 1704 fuerunt

591 1747 990 1846 composita.

691 1870 980 1968 ltaque,
1049 1871 1204 1943 AA.
1228 1927 1248 1956 ,
1315 1867 1446 1942 boc
1493 1867 1939 1966 antiquarum
1987 1869 2369 1944 litterarum
2414 1869 2645 1944 studio
2694 1893 2857 1943 cum
2902 1867 3322 1968 reliquarum
3380 1868 3635 1944 artium

595 1987 846 2063 studiis
914 2011 1281 2064 commune
1346 1997 1497 2076 est,
1569 1987 1759 2087 quod
1828 1989 1900 2062 in
1956 1989 2196 2088 pulcro
2247 1999 2675 2089 venustoque
2726 1989 3205 2088 cognoscendo
3260 1987 3639 2087 percipien-

596 2107 826 2207 doque
899 2115 1243 2182 versatur:
1318 2107 1494 2183 illud
1568 2132 1726 2182 vero
1791 2109 2146 2207 proprium
2215 2109 2467 2198 babet,
2536 2109 2725 2209 quod
2780 2109 3031 2182 mentis
3076 2109 3459 2183 intentione
3506 2132 3643 2182 non

599 2252 930 2303 sensuum
993 2227 1352 2303 affectione
1414 2228 1505 2302 ad
1571 2227 1748 2303 hanc
1813 2230 2324 2327 perceptionem
2373 2229 2731 2317 ducimur3
2796 2237 2948 2303 tum
2996 2237 3377 2304 ceterorum
3434 2228 3647 2303 artifi-

598 2347 862 2423 ciorum
913 2347 1174 2448 species
1221 2356 1458 2446 aperta
1499 2355 1570 2422 et
1621 2347 1960 2446 explicata
2003 2347 2092 2422 ad
2138 2348 2661 2423 delectationem
2708 2349 3152 2446 proponitur,
3203 2346 3649 2446 antiquarum

598 2467 980 2544 litterarum
1055 2475 1380 2541 venustas
1455 2473 1636 2541 tecta
1713 2474 1784 2540 et
1851 2465 2119 2542 occulta
2197 2476 2269 2542 et
2337 2468 2647 2542 involuta
2720 2467 3080 2565 multaque
3160 2467 3502 2542 industria
3574 2493 3654 2544 ac

603 2587 810 2686 longe
877 2587 1110 2661 labore
1174 2584 1547 2686 retegenda
1611 2593 1682 2658 et
1749 2585 2156 2660 evolvenda:
2231 2586 2491 2686 quippe
2554 2610 2850 2685 quarum
2924 2586 3451 2684 praestantiam,
3519 2587 3656 2662 nisi

601 2713 923 2781 accurata
997 2729 1151 2781 eam
1219 2713 1530 2780 veterum
1595 2704 1990 2805 linguarum
2041 2705 2399 2806 totiusque
2446 2706 2883 2804 antiquitatis
2939 2707 3223 2783 seientia
3269 2707 3646 2798 collustret,

593 2825 669 2899 in
720 2825 1146 2900 obscuritate
1197 2824 1408 2900 latere
1460 2849 1737 2900 necesse
1787 2825 1900 2900 sit.

693 2943 1060 3019 Eiusmodi
1145 2951 1378 3021 autem
1461 2944 1730 3034 studio,
1811 2944 2212 3046 praesertim
2291 2971 2452 3023 cum
2530 2945 2827 3022 arduum
2910 2946 3177 3022 aditum
3258 2944 3510 3023 habeat
3580 2956 3652 3024 et

596 3064 872 3163 magnis
911 3063 1003 3139 sit
1046 3064 1486 3140 obstructum
1542 3065 2111 3158 difficultatibus,
2163 3091 2499 3165 umquam
2556 3091 2629 3141 se
2683 3067 2960 3143 dedisse
3009 3069 3302 3157 multos,
3354 3075 3437 3143 ut
3482 3093 3654 3144 non·

597 3185 826 3259 nullos
891 3184 1306 3260 contendere
1375 3184 1682 3260 vidimus
1705 3245 1723 3274 ,
1794 3210 2042 3287 parum
2113 3185 2440 3262 credibile
2510 3186 2641 3260 erit
2697 3186 2785 3261 de
2851 3187 3156 3264 humana
3198 3197 3445 3264 natura
3490 3215 3655 3289 pru-

598 3306 842 3381 denter
911 3306 1328 3381 aestimanti.
1450 3306 1734 3381 Etenim
1815 3331 2241 3406 quamquam
2319 3306 2559 3406 negari
2628 3290 2768 3381 non
2840 3315 3070 3405 potest
3136 3308 3425 3383 insitum
3504 3334 3655 3385 esse

599 3426 902 3515 homini,
973 3434 1053 3500 ut
1121 3426 1345 3525 pulcri
1407 3414 1636 3525 speeie
1679 3426 2059 3502 delectetur
2103 3436 2176 3501 et
2223 3434 2776 3515 commoveatur,
2840 3427 2968 3503 hoc
3020 3436 3248 3503 tamen
3299 3429 3399 3503 ita
3451 3429 3653 3505 intel-

602 3546 962 3643 ligendum
1031 3553 1179 3634 est,
1254 3555 1335 3620 ut
1398 3545 1855 3645 plurimorum
1925 3572 2008 3622 ea
2073 3548 2342 3622 animos
2408 3546 2773 3646 percellat,
2841 3546 2899 3620 si
2956 3548 3047 3622 sit
3104 3573 3263 3624 cum
3320 3574 3653 3625 sensuum

599 3666 938 3741 illecebris
1006 3689 1354 3756 connexa,
1429 3665 2005 3766 paucissimorum
2032 3726 2052 3756 ,
2123 3668 2183 3741 si
2246 3668 2395 3742 sine
2452 3667 2588 3741 illis
2642 3665 3139 3742 blandimentis
3202 3669 3345 3742 sola
3398 3670 3651 3744 mentis

600 3786 1037 3886 perceptione
1087 3786 1736 3885 comprehendatur.
3487 3868 3501 3875 ,

702 3905 998 3996 Vereor,
1066 3908 1262 3995 AA.,
1327 3931 1418 3980 ne
1470 3906 1597 3981 hoc
1651 3916 2144 4007 argumentum
2200 3932 2284 3983 ex
2331 3905 2622 3979 humani
2669 3905 2941 4004 generis
2994 3905 3469 3981 aestimatione
3522 3930 3641 4005 pe-

599 4024 852 4113 titum,
925 4025 1024 4100 ita
1086 4024 1582 4112 adumbratum
1661 4025 1896 4124 potius
1959 4048 2170 4123 quam
2231 4022 2691 4121 explicatum,
2761 4048 3005 4122 parum
3056 4024 3274 4100 Vobis
3318 4026 3642 4126 ponderis

603 4143 856 4219 habere
931 4143 1243 4219 videatur
1310 4144 1401 4218 ad
1465 4169 1702 4219 eorum
1785 4143 2196 4219 sententiam
2261 4142 2694 4217 refutandam
2722 4202 2741 4233 ,
2815 4145 2937 4244 qui
2984 4146 3233 4221 ardens
3285 4146 3641 4245 quondam

605 4264 984 4339 multorum
1055 4264 1328 4362 lateque
1393 4264 1728 4339 diffusum
1800 4263 2245 4362 antiquarum
2311 4263 2695 4339 litterarum
2756 4265 3069 4340 studium
3141 4292 3325 4342 nunc
3394 4291 3637 4366 prope·

603 4383 890 4458 modum
943 4384 1364 4459 exstinctum
1416 4408 1564 4458 esse
1619 4408 1753 4457 non
1809 4383 1962 4457 sine
2017 4391 2249 4458 nostra
2295 4383 2823 4481 reprehensione
2875 4385 3111 4486 lugere
3159 4389 3402 4462 solent.
3501 4385 3637 4461 Ve-

603 4526 761 4577 rum
811 4504 1036 4577 omnis
1081 4502 1403 4578 instituta
1447 4503 1534 4577 de
1577 4502 1884 4579 humana
1925 4512 2174 4577 natura
2222 4502 2601 4602 disputatio
2650 4505 3022 4606 longiorem
3085 4516 3155 4581 et
3210 4507 3639 4581 subtiliorem

605 4620 1126 4719 inquisitionem
1177 4622 1562 4711 desiderat,
1615 4649 1820 4721 quam
1881 4633 1962 4697 ut
2015 4623 2126 4697 hic
2177 4624 2396 4723 possit
2448 4624 2593 4698 sine
2643 4626 2953 4700 molestia
2999 4625 3246 4702 Vestra
3294 4625 3639 4725 explicari.

604 4740 1027 4841 Expromam
1071 4742 1306 4842 potius
1354 4743 1569 4842 igitur
1615 4743 1872 4843 quibus
1927 4770 2008 4819 ex
2061 4743 2270 4819 rebus
2317 4742 2675 4819 conficiam
2728 4744 3063 4820 bonarum
3114 4748 3369 4821 artium
3413 4744 3643 4819 studia
