4728 5991
1848 612 2410 683 ORATIO.
3519 613 3648 681 225

592 827 1036 903 adventantis
1106 826 1350 902 mortis
1408 823 1777 922 augurium
1802 825 1839 897 Ρ
1910 825 2005 898 Et
2061 821 2277 923 quid,
2327 829 2492 922 post
2541 822 2709 898 haec
2758 824 3030 912 omnia,
3083 822 3278 899 vobis
3330 822 3650 924 mihique

594 950 825 1049 magis
874 947 1265 1048 exoptabile
1315 945 1532 1044 possit
1586 943 1841 1032 videri,
1892 970 2103 1044 quam
2154 944 2380 1018 letalis
2429 943 2654 1018 morbi
2708 945 3029 1020 medela?

692 1070 781 1146 V.
859 1070 1247 1155 Medelam,
1324 1064 1413 1138 de
1478 1065 1617 1163 qua
1684 1065 1929 1138 ultimo
1992 1065 2141 1139 loco
2208 1065 2524 1164 agimus,
2596 1064 2910 1138 adhiberi
2960 1090 3164 1164 posse
3221 1072 3294 1140 et
3362 1065 3648 1140 omnino

596 1193 875 1277 debere,
924 1211 1061 1262 non
1102 1195 1208 1260 est
1250 1185 1441 1284 quod
1480 1184 1706 1258 fusius
1747 1210 2215 1284 exponamus,
2267 1187 2353 1259 A.
2385 1186 2472 1258 A.
2549 1186 2930 1262 Quaeritur
2971 1195 3288 1274 tantum,
3341 1210 3646 1285 quanam

596 1311 1041 1411 potissimum
1088 1307 1351 1382 ratione
1398 1306 1739 1408 medicina
1783 1306 2253 1404 praeparanda
2297 1305 2388 1379 sit
2417 1316 2628 1404 atque
2658 1306 3044 1406 aegrotanti
3073 1306 3649 1381 administranda.

602 1433 801 1506 Num
882 1427 1317 1528 Scepticismi
1391 1426 1691 1525 Scyllam
1760 1427 2015 1500 evitare
2087 1427 2486 1514 studentes,
2561 1426 2698 1499 iam
2763 1425 2834 1498 in
2906 1426 3115 1524 rigidi
3185 1425 3654 1527 Dogmatismi

601 1550 1007 1649 Charybdin
1076 1547 1464 1620 incidemus
1528 1545 1949 1619 miserrimi?
2021 1546 2088 1619 O
2148 1571 2272 1618 nos
2331 1555 2440 1619 ter
2489 1555 2872 1644 quaterque
2921 1545 3199 1635 beatos,
3251 1547 3311 1620 si
3357 1547 3653 1620 aliorum

602 1669 981 1770 naufragiis
1027 1667 1164 1741 tuti
1208 1667 1533 1764 cautique
1579 1666 1989 1740 reddamur!
2066 1667 2255 1739 Num
2305 1665 2522 1763 igitur
2565 1665 2910 1740 Ecclesiae
2950 1666 3362 1741 auctoritate
3409 1667 3652 1740 exstir-

604 1792 929 1893 pabimus
970 1789 1123 1863 illos
1181 1787 1515 1884 scepticos
1560 1785 1926 1859 homines?
1998 1785 2119 1858 Nil
2166 1785 2305 1859 veri
2350 1785 2904 1858 Protestantismi
2945 1786 3164 1860 indoli
3207 1789 3440 1860 minus
3491 1811 3654 1860 con·

606 1921 1015 1988 sentaneum
1080 1907 1274 1981 soret.
1378 1908 1581 1984 Quae
1654 1907 1977 1980 scientiae
2039 1906 2267 1980 abusu
2327 1907 2565 1980 minus
2617 1931 2812 1994 vera,
2865 1907 3007 1980 imo
3057 1909 3228 1982 falsa
3285 1909 3654 1998 dicuntur,

602 2059 715 2108 me
786 2031 1069 2129 quidem
1132 2026 1362 2100 iudice
1432 2025 1621 2099 nulla
1689 2026 1822 2101 alia
1886 2027 2189 2114 ratione,
2258 2050 2470 2123 quam
2535 2025 2801 2098 meliori
2872 2027 3090 2126 ipsius
3146 2029 3470 2102 scientiae
3525 2052 3658 2102 usu

602 2149 849 2248 corrigi
896 2154 1188 2247 possunt
1229 2153 1301 2216 et
1340 2143 1615 2217 debent.
1720 2145 2191 2232 Libertatem,
2241 2169 2452 2243 quam
2501 2144 2847 2220 nobismet
2889 2148 3062 2245 ipsis
3101 2150 3452 2247 petimus,
3500 2149 3655 2222 aliis

604 2295 739 2345 non
789 2276 1066 2342 tantum
1117 2263 1599 2351 concedimus,
1669 2264 1787 2337 sed
1840 2265 1899 2337 si
1956 2289 2263 2363 unquam
2322 2263 2498 2336 serio
2546 2266 3126 2364 oppugnabatur,
3180 2293 3332 2342 eam
3379 2270 3657 2367 publice

605 2387 973 2465 defendere
1034 2407 1476 2482 nequaquam
1544 2383 2167 2458 reformidaremus
2270 2383 2494 2456 Nobis
2546 2392 2820 2458 tantum
2879 2387 3307 2460 illimitatum
3351 2389 3460 2461 ius
3511 2388 3656 2461 vin-

609 2511 923 2586 dicamus
995 2506 1083 2579 de
1164 2504 1484 2591 veritate,
1558 2503 1629 2576 in
1700 2505 1978 2578 Christo
2042 2503 2425 2603 patefacta,
2495 2502 2734 2578 altiore
2790 2529 3062 2604 semper
3111 2529 3270 2579 voce
3318 2509 3656 2595 testandi,

606 2633 757 2706 Deo
814 2627 1175 2728 ipsiusque
1228 2623 1533 2697 veritatis
1578 2625 1915 2697 efficaciae
1962 2623 2089 2697 hoc
2136 2622 2730 2721 relinquentibus,
2800 2635 2879 2698 ut
2931 2626 3217 2723 plenum
3263 2634 3474 2724 atque
3523 2626 3652 2698 im·

608 2749 943 2827 mutabile
1000 2745 1463 2844 Euangelium
1510 2743 1770 2816 Christi
1824 2743 1958 2816 sibi
2012 2744 2189 2817 viam
2236 2744 2502 2842 aperiat
2546 2742 2637 2816 ad
2689 2743 2896 2816 corda
2943 2753 3154 2842 atque
3200 2745 3656 2820 conscientias

608 2871 993 2947 hominum.
1097 2866 1389 2938 Summa
1448 2862 1671 2936 morbi
1734 2863 2020 2937 indicati
2086 2862 2355 2936 medela
2413 2861 2548 2960 ipsi
2601 2861 2751 2934 Deo
2799 2871 2954 2935 tuto
3001 2864 3342 2936 committi
3386 2875 3654 2961 potest,

611 2992 733 3093 qui
801 2988 1074 3090 propria
1144 2989 1267 3060 sua
1346 2983 1831 3083 adorandaque
1896 2983 1999 3057 via
2054 2994 2323 3058 mentes
2364 2982 2772 3081 animosque
2821 2981 2914 3056 ad
2965 2982 3320 3057 veritatem
3367 3011 3656 3084 cognos-

610 3112 899 3188 cendam
968 3119 1041 3183 et
1101 3106 1653 3205 amplectendam
1730 3104 2103 3202 perducere
2176 3106 2349 3177 solet
2373 3138 2392 3191 3
2467 3130 2510 3178 a
2578 3114 2886 3200 tempore
2941 3128 3219 3203 quoque
3274 3106 3658 3180 medicinae

612 3258 771 3333 pars
808 3226 1290 3328 exspectanda.
1364 3225 1449 3297 ln
1492 3248 1745 3322 genere
1782 3249 2140 3324 nunqnam
2180 3223 2730 3297 obliviscendum
2765 3224 2896 3296 erit
2935 3224 3323 3323 Theologo,
3375 3227 3659 3299 omnino

614 3376 687 3426 se
754 3350 843 3424 de
911 3346 1195 3420 veritate
1264 3365 1464 3441 posse
1518 3341 1863 3416 indefesso
1922 3342 2165 3416 ardore
2214 3347 2494 3429 testari,
2563 3342 2706 3417 imo
2758 3342 3223 3418 adversarium
3279 3370 3364 3420 eo
3405 3348 3658 3445 perdu-

614 3494 802 3557 cere,
864 3475 947 3541 ut
1018 3467 1117 3539 ad
1180 3464 1501 3537 terminos
1575 3462 1931 3561 redigatur
1983 3488 2111 3534 non
2156 3464 2382 3561 loqui,
2431 3462 2655 3559 ipsam
2707 3487 2864 3535 vero
2919 3464 3225 3538 veritatis
3275 3467 3658 3562 persuasio-

616 3616 774 3666 nem
840 3588 1105 3673 vivam,
1171 3584 1691 3670 inconcussam,
1759 3580 2201 3681 frugiferam,
2268 3582 2532 3655 donum
2587 3606 2738 3656 esse
2789 3584 3174 3681 gratuitum
3225 3584 3446 3683 ipsius
3503 3587 3657 3683 Spi-

614 3710 789 3786 ritus
834 3706 1074 3782 sancti.
1160 3704 1299 3779 Hic
1336 3702 1636 3801 Spiritus
1677 3710 1911 3776 autem
1956 3728 2175 3799 quum
2215 3702 2514 3775 mediate
2560 3726 2764 3799 agere
2811 3704 3067 3789 soleat,
3121 3702 3660 3803 hominibusque

618 3830 889 3905 divinae
964 3822 1383 3899 efficacitatis
1446 3820 1927 3895 instrumentis
1981 3820 2085 3893 uti
2143 3819 2511 3918 dignetur,
2561 3820 2692 3893 hoc
2743 3820 3090 3913 Ecclesiae
3141 3821 3476 3895 ministris
3525 3824 3657 3897 im·

617 3946 857 4050 primis
918 3966 1125 4018 curae
1196 3939 1407 4013 debet
1478 3962 1629 4013 esse
1694 3938 2063 4035 cordique,
2134 3948 2215 4011 ut
2256 3937 2542 4035 plenum
2595 3938 3062 4039 Euangelium
3111 3942 3658 4033 annunciantes,

619 4095 659 4145 e
728 4066 869 4141 fide
942 4064 1017 4137 in
1090 4060 1303 4133 fidem
1379 4057 1795 4157 loquantur,
1870 4081 2221 4156 suumque
2284 4064 2636 4159 κήρυγμα
2703 4059 2802 4134 ita
2867 4061 3184 4158 exemplo
3249 4062 3662 4163 vivendique
3750 4103 3774 4131 κ

622 4174 885 4265 ratione
955 4178 1446 4279 comprobent,
1524 4192 1605 4253 ut
1658 4178 1920 4253 nemini
1968 4178 2267 4276 amplius
2320 4179 2520 4252 liceat
2575 4178 2928 4253 veritatem
2991 4179 3180 4253 verbi
3227 4180 3300 4254 in
3359 4181 3660 4258 dubium

624 4330 861 4383 vocare
880 4362 901 4393 ,
952 4300 1143 4401 quod
1193 4296 1367 4372 tales
1412 4297 1735 4373 informet
1774 4322 2161 4397 praecones.
2264 4298 2382 4371 Ad
2432 4298 2656 4397 ipsam
2710 4301 3134 4399 Theoloqiam
3189 4312 3424 4377 autem
3475 4303 3667 4403 quod

624 4428 872 4505 attinet
894 4482 914 4512 ,
988 4442 1429 4520 nequaquam
1498 4419 1931 4493 redeundum
2008 4418 2141 4491 erit
2210 4417 2302 4491 ad
2373 4428 2674 4516 systema
2751 4419 2966 4494 seculi
3028 4419 3280 4494 decimi
3345 4424 3665 4521 septimi,

624 4545 947 4623 omnibus
1012 4540 1321 4615 numeris
1362 4547 1885 4626 .restauratum,
1956 4536 2082 4611 sed
2152 4561 2410 4611 novum
2477 4538 2551 4612 in
2623 4538 2868 4613 eodem
2936 4551 3354 4639 aeternoque
3412 4541 3662 4618 funda·

626 4676 863 4745 mento
907 4660 1349 4741 condendum
1371 4718 1393 4749 ,
1444 4659 1635 4760 quod
1682 4658 1890 4733 verbo
1928 4656 2219 4745 Divino,
2268 4657 2614 4732 Ecclesiae
2653 4658 3044 4757 principiis,
3093 4660 3244 4734 aevi
3285 4660 3390 4735 sin
3433 4664 3665 4739 minus

629 4783 989 4863 desideriis
1010 4840 1031 4871 ,
1104 4782 1350 4855 saltem
1420 4778 1803 4855 commodis
1870 4776 2097 4877 magis
2160 4778 2522 4877 magisque
2589 4778 2970 4857 conveniat.
3071 4780 3189 4855 Ab
3257 4805 3499 4859 eorum
3555 4808 3665 4859 so-

3229 4901 3326 4975 29
