4728 5991
1094 612 1226 678 268
2041 611 2110 676 E.
2179 610 2232 678 Ι.
2302 608 2625 675 DIEST
2694 606 3197 675 LORGION

1089 817 1453 918 Gymnasii
1500 817 1628 891 hac
1671 815 1743 889 in
1789 815 1961 890 urbe
2002 817 2447 903 conrectoris,
2498 818 2688 914 quod
2731 817 2820 890 ad
2866 814 3376 890 institutionem
3423 813 3495 888 in
3545 813 3792 888 litteris
3837 814 4126 892 classicis

1088 939 1277 1012 haud
1332 958 1573 1036 parum
1628 937 1694 1010 ei
1738 935 2021 1034 profuit.
2118 939 2328 1012 Anno
2386 937 2752 1011 millesimo
2807 935 3380 1034 octingentesimo
3439 943 3634 1009 sexto
3687 935 3778 1008 ad
3831 946 4124 1010 nostram

1087 1055 1534 1131 Academiam
1602 1056 1909 1130 accessit.
2028 1055 2165 1130 Per
2236 1055 2610 1130 triennium
2680 1054 3202 1130 humanioribus
3273 1053 3518 1129 litteris
3537 1111 3556 1143 ,
3629 1053 4124 1128 mathematicis

1088 1176 1372 1263 studiis,
1422 1174 1891 1275 philosophiae
1934 1201 2209 1276 operam
2262 1177 2478 1250 dedit.
2566 1177 2930 1276 Physicam
2971 1177 3182 1252 etiam
3223 1174 3616 1273 plantarum
3655 1187 3726 1246 et
3760 1172 4124 1271 zoologiam

1084 1296 1379 1370 studuit.
1480 1297 1615 1371 Per
1673 1297 2020 1394 reliquum
2086 1297 2410 1371 curriculi
2475 1297 2847 1372 academici
2911 1296 3214 1396 spatium
3279 1295 3452 1369 iuris
3513 1295 3747 1368 studio
3795 1319 3867 1368 se
3917 1293 4120 1368 dedit.

1084 1416 1377 1490 Audivit
1428 1416 1605 1491 viros
1656 1416 2108 1508 clarissimos,
2154 1417 2325 1490 iuris
2377 1417 2788 1515 professores
2807 1475 2828 1505 ,
2879 1439 3242 1491 suarium
3291 1437 3687 1501 ananus,
3737 1435 4120 1487 annuarum

1092 1559 1415 1612 [acosma
1485 1559 1839 1612 normann.
1902 1559 2049 1610 van
2114 1558 2380 1623 rwrsr,
2450 1559 2800 1610 canoram
2863 1556 3370 1610 cnarsrranuu
3448 1557 3812 1621 nnuma,
3875 1532 4118 1631 quibus

1084 1657 1355 1731 eximiis
1402 1655 1752 1755 magistris
1792 1680 1991 1730 carus
2035 1656 2169 1729 fuit
2208 1655 2615 1754 discipulus.
2718 1657 2848 1730 Die
2892 1655 3224 1754 vigesimo
3271 1653 3518 1753 quinto
3569 1653 3830 1728 mensis
3871 1651 4117 1750 Aprilis

1080 1777 1247 1852 anni
1292 1776 1501 1850 huius
1554 1775 1809 1850 saeculi
1862 1775 2255 1850 duodecimi
2298 1775 2472 1850 iuris
2513 1776 2875 1874 utriusque
2925 1776 3164 1850 doctor
3213 1775 3656 1849 renunciatus
3702 1783 3809 1846 est
3852 1771 4117 1846 defensa

1080 1895 1357 1994 publice
1416 1895 1896 1970 dissertatione
1944 1895 2233 1969 iuridica
2286 1897 2385 1968 ad
2425 1897 2636 1970 locum
2687 1899 2864 1970 iuris
2905 1897 3328 1994 Napoleonei
3365 1897 3450 1969 de
3496 1896 3805 1968 divortia.
3889 1893 4140 1969 Quam.

1078 2027 1221 2090 tam
1288 2016 1427 2091 iam
1497 2025 1665 2089 tunc
1714 2016 1827 2090 sui
1870 2015 2452 2114 exspectationem
2501 2015 2967 2103 excitavisset,
3016 2014 3182 2090 inde
3230 2014 3639 2089 concludere
3681 2011 3840 2088 licet
3861 2069 3880 2099 ,
3943 2009 4114 2109 quod

1084 2161 1225 2211 uno
1282 2135 1593 2210 nondum
1660 2159 1843 2210 anno
1906 2133 2273 2232 praeterito
2346 2132 2738 2232 adscriptus
2799 2144 2907 2209 est
2969 2133 3280 2210 societati
3343 2133 3492 2206 Pro
3543 2132 3899 2208 escolendo
3959 2131 4114 2202 Iure

1070 2260 1309 2355 patrio
1328 2315 1348 2342 ,
1415 2257 1489 2330 in
1543 2280 1684 2354 qua
1736 2255 2057 2330 societate
2113 2253 2273 2327 dein
2324 2252 2626 2351 plurima
2680 2255 3001 2358 exhibuit
3047 2252 3402 2328 doctrinae
3449 2251 3845 2351 specimina.
3927 2250 4111 2322 Prae·

1080 2377 1282 2475 cipue
1357 2384 1590 2450 autem
1615 2433 1634 2463 ‚
1715 2384 2085 2474 postquam
2154 2376 2325 2452 iuris
2398 2377 2637 2452 doctor
2701 2385 2974 2452 creatus
3047 2383 3155 2450 est
3172 2431 3193 2462 ‚
3269 2373 3585 2448 animum
3659 2370 3970 2446 admovit
4033 2367 4110 2442 ad

1075 2493 1430 2569 tractanda
1500 2493 1779 2592 negotia
1841 2492 2136 2568 forensia
2156 2551 2178 2581 ,
2246 2496 2317 2568 in
2387 2495 2630 2594 primis
2695 2495 2886 2593 apud
2941 2493 3252 2568 tribunal
3321 2494 3583 2592 primae
3633 2490 4002 2564 instantiae
4049 2489 4108 2560 in

1078 2615 1249 2688 urbe
1308 2621 1541 2688 nostra
1561 2671 1579 2701 ‚
1646 2614 1718 2686 in
1782 2638 1923 2711 quo
1985 2613 2317 2688 tribunali
2389 2615 2598 2691 etiam
2653 2639 2836 2690 anno
2889 2613 3145 2688 saeculi
3191 2613 3522 2712 vigesimo
3569 2611 3876 2700 secundo
3920 2609 4109 2682 iudex

926 2757 936 2764 ·
1079 2735 1369 2809 vicarius
1416 2733 1677 2808 electus
1718 2743 1845 2808 est.
1931 2735 2265 2832 Sequenti
2312 2759 2530 2823 anno,
2583 2759 2802 2835 quum
2846 2756 3218 2810 annutans
3265 2753 3731 2805 cA'rHAmNUS
3771 2751 4107 2816 Hormus,

1077 2854 1203 2952 qui
1269 2862 1429 2952 post
1488 2852 1763 2928 obitum
1830 2852 1957 2926 viri
2014 2853 2376 2929 clarissimi
2439 2878 2586 2930 van
2652 2878 2878 2932 'rwrs'r
2929 2854 3088 2928 huic
3151 2854 3516 2940 successit,
3579 2850 3740 2924 hinc
3780 2849 4107 2948 profectus

1074 2981 1257 3049 esset
1301 2973 1392 3050 ad
1437 2972 1889 3049 Academiam
1933 2973 2434 3050 Lovaniensem
2456 3034 2476 3064 ,
2527 2998 2876 3050 mmmms
2921 2973 3072 3048 eius
3113 2995 3374 3048 munus
3418 2970 3554 3047 sibi
3595 2969 3912 3045 oblatum
3957 2967 4112 3041 vidit

1074 3093 1289 3192 idque
1356 3092 1547 3167 haud
1602 3090 2066 3167 recusandum
2124 3095 2396 3191 putavit
2416 3151 2437 3181 ,
2487 3094 2620 3169 etsi
2661 3093 2843 3167 felici
2889 3092 3170 3168 omnino
3218 3116 3540 3167 successu
3587 3090 3866 3189 negotia
3901 3088 4106 3163 foren-

1076 3211 1178 3288 sia
1240 3211 1611 3299 tractabat,
1681 3211 1869 3308 quod
1925 3212 2073 3310 ipse
2136 3222 2432 3291 testatus
2489 3224 2598 3287 est
2617 3270 2637 3301 ,
2709 3236 2925 3311 quum
2979 3212 3096 3287 die
3151 3223 3345 3287 sexto
3393 3209 3715 3285 Octobris
3762 3210 3930 3283 anni
3969 3204 4105 3281 mil-

1076 3331 1300 3406 lesimi
1342 3331 1896 3431 octingentesimi
1946 3330 2260 3431 vigesimi
2308 3331 2495 3405 tertii
2541 3356 2798 3407 munus
2844 3331 3276 3429 professoris,
3295 3370 3308 3384 ·
3329 3332 3832 3429 auspicaretur,
3889 3327 4108 3402 habita

1074 3451 1381 3526 oratione
1443 3451 1869 3550 inaugurali:
1934 3452 2046 3524 De
2092 3477 2445 3549 processus
2497 3455 2720 3527 civilis
2767 3456 3037 3527 ratione
3057 3510 3076 3540 ,
3145 3444 3340 3551 quam
3399 3454 3726 3525 theoriam
3775 3450 4112 3548 appellant

1060 3594 1423 3672 processus
1484 3573 1703 3645 civilis
1718 3627 1739 3658 ,
1796 3596 2097 3671 praoeeos
2156 3573 2567 3645 iudiciariae
2615 3576 3077 3669 procreatrice
3143 3580 3214 3646 et
3281 3575 3478 3673 quasi
3523 3579 3820 3668 parente
3838 3628 3856 3658 ‚
3927 3570 4110 3643 nimis

1075 3692 1397 3789 neylecta.
1510 3692 1593 3764 In
1654 3690 1782 3764 hac
1832 3690 2139 3765 oratione
2164 3748 2184 3777 ‚
2254 3690 2496 3765 urbem
2565 3702 2872 3766 nostram
2925 3692 3276 3790 attingens
3297 3749 3317 3780 ,
3367 3690 3504 3765 ait:
3609 3720 3645 3759 n
3669 3689 3893 3763 Cuius
3939 3687 4108 3762 cives

1076 3833 1197 3907 per
1221 3809 1457 3885 decem
1490 3819 1561 3883 et
1589 3810 1778 3909 quod
1808 3812 2111 3885 excurrit
2138 3834 2355 3886 annos
2375 3811 2456 3885 in
2482 3811 2630 3885 foro
2655 3812 2950 3887 versanti
2975 3821 3172 3886 tanta
3195 3810 3368 3885 mihi
3395 3809 3864 3909 praebuerunt
3895 3804 4104 3906 propi·

1074 3932 1211 4003 tiae
1256 3929 1783 4005 existimationis
1826 3942 1899 4004 et
1936 3929 2452 4005 benevolentiae
2499 3930 2926 4018 testimonia,
2958 3943 3040 4005 ut
3078 3931 3337 4030 ingrati
3365 3931 3490 4017 sit,
3533 3938 3814 4026 accepta
3837 3928 3955 4002 illa
3981 3948 4104 3999 non

1076 4048 1325 4123 referre
1370 4057 1442 4122 et
1484 4073 1642 4123 vero
1678 4048 1953 4148 publice
1994 4050 2371 4148 profiteri.”
2441 4052 2704 4149 Magno
2732 4074 3012 4148 quoque
3037 4052 3378 4149 applausu
3409 4048 3810 4149 professoris
3836 4068 4108 4121 munere

1076 4169 1359 4242 functus
1398 4179 1527 4243 est.
1606 4168 1979 4267 Egregiam
2018 4169 2167 4243 eius
2209 4169 2501 4244 docendi
2543 4170 2953 4244 methodum
2984 4194 3191 4266 quam
3219 4169 3500 4270 plurimi
3531 4166 3896 4265 discipuli,
3943 4166 4108 4239 inter

1079 4312 1255 4386 quos
1310 4287 1543 4386 plures
1588 4287 2073 4376 inveniuntur,
2120 4290 2245 4387 qui
2290 4290 2382 4365 ad
2425 4313 2737 4364 summos
2780 4289 3055 4365 honoris
3095 4290 3358 4388 gradus
3397 4289 3468 4363 in
3513 4288 3870 4386 republica
3909 4297 4106 4382 atque

1078 4408 1153 4481 in
1213 4406 1751 4507 iurisprudentia
1808 4419 2265 4507 pervenerunt
2281 4466 2302 4496 ‚
2367 4417 2564 4507 grato
2627 4410 2861 4483 animo
2911 4408 3378 4484 recordantur.
3479 4407 3706 4481 Variis
3769 4420 4108 4504 praeterea

1078 4528 1288 4603 etiam
1356 4526 1637 4601 functus
1700 4529 1807 4601 est
1860 4526 2269 4602 muneribus
2334 4529 2404 4602 in
2465 4528 2903 4603 commodum
2955 4552 3092 4601 non
3141 4539 3413 4603 tantum
3469 4526 3890 4603 Academiae
3915 4584 3934 4613 ,
3991 4521 4106 4596 sed

1075 4659 1149 4722 et
1218 4648 1431 4721 totius
1498 4646 1859 4722 societatis.
1959 4646 2209 4744 Neque
2274 4649 2337 4721 ei
2391 4648 2762 4723 defuerunt
2811 4648 3204 4723 testimonia
3247 4646 3942 4723 honorificentissima
3961 4702 3977 4733 ,
4019 4641 4106 4713 de

1074 4767 1331 4865 quibus
1372 4775 1605 4843 autem
1652 4765 1939 4841 minime
1984 4766 2259 4863 gloriari
2306 4767 2606 4857 solebat,
2659 4792 2822 4843 nam
2863 4768 3042 4843 inter
3091 4768 3418 4868 plurimas
3438 4826 3458 4857 ,
3527 4768 3786 4866 quibus
3829 4776 4106 4842 ornatus
