4728 5991
1541 615 1929 683 SERIES
1996 613 2653 684 LECTIONUM.
3528 613 3612 680 85

779 821 1358 921 Therapeuticum
1407 823 1869 902 remediorum
1921 848 2129 900 usum
2169 822 2549 912 indicabit,
2600 821 2849 897 diebus
2892 820 3223 897 Mercurii

871 949 942 1015 et
989 940 1315 1031 Veneris,
1391 999 3221 1021 ..........................
3274 942 3439 1016 hora
3484 939 3605 1014 IX.

777 1059 1180 1136 Doctrinam
1267 1062 1666 1138 morborum
1756 1063 2213 1164 singularium
2280 1065 2544 1150 tradet,
2622 1059 2873 1135 diebus
2943 1060 3181 1135 Lunae
3201 1119 3219 1148 ,

869 1181 1123 1256 Martis
1171 1190 1242 1256 et
1290 1181 1465 1257 Iovis
1478 1237 3211 1271 .........................
3478 1183 3506 1253 1
3512 1179 3603 1252 X.

779 1297 1034 1372 Praxin
1071 1298 1410 1375 medicam
1452 1301 1542 1375 ad
1568 1301 1856 1375 lectulos
1881 1302 2389 1400 aegrotantium
2414 1299 2885 1375 moderabitur
2902 1358 2923 1387 ,
2975 1298 3225 1374 diebus

879 1417 1173 1518 singulis
1191 1474 3221 1508 ............................
3518 1417 3609 1490 Χ.

585 1551 652 1610 F.
693 1549 783 1610 W.
825 1549 1183 1611 KBIEGEB
1234 1538 1598 1614 Theoriam
1649 1539 2050 1638 disciplinae
2091 1539 2541 1638 chirurgicae
2590 1546 2926 1637 exponet,
2975 1538 3223 1613 diebus

682 1657 966 1746 Lunae,
1014 1658 1344 1734 Mercurii
1392 1665 1463 1734 et
1510 1658 1834 1747 Veneria,
1901 1715 3151 1736 ..................
3188 1707 3226 1733 -.
3433 1658 3608 1731 Vm.

783 1777 1412 1854 Exercitationibus
1473 1779 1736 1854 clinicis
1807 1780 1882 1853 in
1949 1781 2367 1854 Nosocomio
2438 1777 2829 1854 academico
2896 1777 3232 1852 habendis

877 1898 1187 1987 vacabit,
1235 1899 1483 1974 diebus
1531 1899 1898 1988 Mercurii,
1948 1900 2122 1974 Iovis
2173 1908 2244 1973 et
2294 1899 2613 1974 Saturni.
2699 1949 3223 1975 ........
3460 1896 3613 1969 ΧΙΙ.

781 2017 1092 2117 Collegio
1139 2019 1436 2108 casuali,
1487 2019 1734 2095 diebus
1782 2020 2032 2095 Martis
2079 2033 2152 2094 et
2199 2019 2486 2094 Veneris
2505 2071 3221 2106 ...........
3272 2015 3611 2090 X11-111.

787 2138 1240 2237 operationes
1328 2140 1749 2239 chirurgicus
1830 2140 2364 2229 demonstrabit,
2461 2139 2645 2214 horis
2725 2137 2977 2212 deinde
3052 2136 3230 2210 indi-

875 2256 1141 2333 candiS.
1517 2277 1530 2284 ·
2952 2267 2967 2282 “

782 2374 1184 2450 Doctrinam
1257 2376 1346 2452 de
1412 2377 1672 2453 morbis
1743 2378 2101 2454 oculorum
2155 2386 2485 2477 exponet,
2555 2377 2805 2453 diebus
2857 2378 3107 2452 Martis
3158 2386 3229 2452 et

876 2492 1168 2569 Veneris
1185 2551 3219 2584 .............................
3566 2496 3615 2568 1.

782 2612 1208 2689 Medicinam
1253 2615 1593 2691 forensem
1615 2675 1636 2706 ,
1688 2617 1936 2693 diebus
1981 2619 2223 2694 Lunae
2265 2626 2335 2693 et
2378 2617 2553 2692 Iovis
2572 2673 3225 2706 ..........
3568 2616 3615 2689 1.

589 2743 660 2801 A.
701 2743 771 2803 Ε.
811 2743 1063 2804 SIMON
1103 2745 1435 2809 THOMAS
1497 2737 1860 2814 Theoi-iam
1903 2738 2070 2814 artis
2113 2737 2548 2813 obstetriciae
2592 2745 2927 2836 exponet,
2978 2734 3227 2810 diebus

689 2850 979 2942 Martis,
1032 2853 1216 2928 Iovis
1264 2863 1336 2929 et
1384 2857 1667 2932 Saturni
1686 2913 3230 2946 ......................
3412 2853 3617 2928 VIII.

787 2972 1416 3051 Exercitationibus
1477 2976 1740 3053 clinicis
1756 3037 1777 3067 ‚
1840 2978 1911 3052 in
1957 2977 2372 3053 Nosocomio
2420 2976 2810 3053 academico
2854 2973 3191 3051 habendis
3211 3034 3231 3063 ,

881 3093 1154 3169 vocabit
1201 3097 1511 3194 quotidie
1530 3156 1552 3187 ,
1617 3152 3233 3175 .......................
3485 3094 3617 3169 ΙΧ.

786 3213 1188 3289 Doctrinam
1235 3216 1735 3316 Operationum
1772 3218 2038 3307 tradet,
2087 3227 2158 3293 et
2196 3216 2735 3318 operationibus
2780 3215 3191 3291 obstetriciis
3210 3274 3231 3305 ,
3350 3244 3353 3247 ·

887 3342 1038 3407 tum
1075 3334 1145 3409 in
1176 3335 1357 3433 pelvi
1382 3338 1642 3414 factitia
1661 3400 1680 3429 ,
1735 3348 1884 3415 tum
1911 3340 1984 3413 in
2011 3340 2346 3414 cadavere
2375 3335 2821 3412 instituendis
2841 3395 2859 3424 ,
2900 3336 3234 3435 praeerit,
3312 3398 3329 3409 .

888 3453 999 3527 die
1047 3456 1378 3531 Mercurii
1399 3513 3231 3544 ..........................
3568 3455 3615 3526 1.

791 3574 1338 3674 Gynaecologiae
1401 3585 1472 3650 et
1540 3576 2300 3678 Gynaecopathologiae
2373 3575 2600 3676 capita
2658 3574 2907 3650 selecta
2972 3575 3234 3662 tradet,

884 3691 996 3767 die
1044 3695 1284 3769 Lunae
1301 3754 1321 3783 ,
1401 3750 3229 3773 ..........................
3519 3693 3616 3768 ΙΙ.

787 3811 1040 3887 Praxin
1117 3815 1584 3891 obstetriciam
1620 3875 1639 3904 ,
1691 3825 1842 3892 tum
1903 3817 1974 3891 in
2022 3815 2437 3891 Nosooomio
2478 3814 2867 3889 academico
2886 3870 2904 3901 ,
2958 3821 3109 3887 tum
3158 3812 3231 3885 in

883 3932 1276 4009 Policlinico
1323 3935 1718 4012 obstetricio
1742 3995 1763 4025 ‚
1815 3936 2084 4034 quoties
2129 3959 2408 4011 necesse
2450 3934 2581 4008 erit
2602 3992 2621 4021 ,
2672 3931 3161 4007 moderabitur.

599 4060 678 4120 H.
723 4061 1284 4139 HALBERTSMA,
1325 4067 1526 4127 lustr.
1565 4056 1694 4131 Fil.
1765 4056 2208 4131 Anatomiam
2281 4053 2642 4153 specialem
2720 4060 2791 4127 et
2864 4054 3232 4152 practicam

698 4168 1012 4260 docebit,
1062 4171 1310 4247 diebus
1358 4174 1607 4249 Martis
1655 4184 1726 4248 et
1773 4156 1956 4249 Iovis
1976 4226 3234 4262 ..................
3292 4172 3403 4247 IX
3429 4181 3499 4247 et
3526 4174 3618 4247 X.

790 4288 1300 4391 Physiologiam
1319 4352 1339 4381 ,
1390 4293 1874 4393 experimentis
1936 4302 2005 4369 et
2075 4292 2669 4369 observationibus
2733 4292 3236 4393 microscopicis

885 4408 1338 4499 illustratam,
1386 4412 1637 4488 diebus
1679 4413 1922 4490 Lunae
1976 4422 2047 4489 et
2093 4412 2460 4502 Mercurii,
2557 4465 3227 4491 ..........
3297 4412 3407 4485 IX
3433 4422 3501 4485 et
3526 4412 3617 4485 X.

793 4528 1226 4604 Methodum¹
1263 4533 1540 4608 secandi
1583 4534 1947 4625 cadavera,
1998 4534 2343 4634 quotidie,
2394 4532 2683 4609 hiberno
2724 4541 3065 4633 tempore,
3140 4590 3159 4607 .
3212 4590 3229 4607 .
3358 4529 3621 4603 I—lV.

793 4646 978 4723 Cum
1057 4649 1416 4749 discipulis
1487 4652 1575 4728 de
1642 4655 2013 4731 Anatomia
2079 4663 2149 4729 et
2205 4653 2651 4754 Physiologia
2722 4654 3148 4751 colloquetur
3165 4705 3189 4743 ‚

891 4769 1002 4843 die
1052 4768 1374 4859 Veneris,
1471 4828 2650 4851 .................
2658 4868 2667 4879 .
2704 4828 3233 4849 ........
3312 4769 3409 4840 lx
3432 4782 3502 4841 et
3530 4768 3597 4838 λ
