4728 5991
1527 517 1917 582 SERIES
1984 517 2644 588 LECTIONUM.
3476 525 3606 590 327

1354 721 1643 797 SY'I'SE
1694 723 2219 800 HOEKS'I'RA
2272 726 2486 800 Banu
2537 749 2775 803 rmus
2797 786 2818 818 ‚

1562 859 1846 921 Professor
1882 861 1941 920 in
1982 860 2191 923 Smin.
2232 862 2610 944 Toleiobapt„

576 1081 1015 1271 Thedofflm}
1072 1079 1511 1268 cbrg'gtianam
1586 1080 2021 1178 doqmaticam
2101 1078 2380 1155 docebit
2456 1081 2710 1157 diebus
2785 1081 3036 1156 Martis
3101 1089 3176 1156 et
3245 1080 3613 1170 Mercurii,

667 1198 853 1274 horis
902 1198 939 1270 1
1064 1203 1135 1270 et
1276 1229 1297 1283 ;

574 1319 1031 1415 Disciplinam
1071 1339 1321 1388 morum
1365 1313 1803 1387 christianam
1854 1314 2081 1388 tradet
2132 1315 2247 1388 die
2296 1315 2516 1405 Iovis,
2566 1315 2752 1390 horis
2791 1317 2880 1388 lx
2932 1321 3004 1390 et
3047 1315 3158 1404 X;

576 1437 1084 1534 Philoswkiam
1142 1435 1489 1533 relzyionis
1529 1433 1671 1506 sive
1715 1435 2113 1532 theologiam
2130 1491 2149 1520 ‚
2202 1458 2381 1531 quae
2428 1435 2682 1510 dicitur
2702 1494 2723 1522 ,
2773 1437 3148 1508 naturalem
3193 1434 3304 1510 dic
3331 1433 3618 1508 Veneris

546 1615 553 1618 -
669 1557 839 1632 hora
876 1553 991 1628 IX
1032 1560 1105 1626 et
1144 1551 1255 1640 X3

577 1679 685 1752 De
707 1677 877 1752 Im
906 1672 1172 1747 Christi
1192 1673 1349 1746 vita‘
1362 1677 1433 1744 et
1458 1669 1757 1745 historia
1768 1669 2089 1768 privatim
2118 1679 2279 1770 aget
2302 1671 2552 1747 diebus
2579 1682 2650 1748 et
2670 1673 2856 1748 horis
2871 1673 3194 1772 deinceps
3211 1671 3620 1747 indicandis.

1065 1907 1483 1985 IACOBUS
1537 1907 2073 1982 GISBER'PUS
2123 1909 2253 1982 DE
2306 1911 2582 1985 HOOP
2631 1912 3147 2000 SGHEFFER,

1586 2043 1869 2104 prosam
1906 2042 1967 2102 in
2006 2043 2216 2105 emin.
2258 2045 2634 2126 Teleiobapa,

586 2269 975 2344 Historiam
1040 2267 1499 2340 nonnullorum
1566 2266 1885 2338 librorum
1954 2265 2047 2338 Ν.
2124 2263 2538 2338 Testamenti
2582 2264 2857 2339 docebit
2897 2263 3146 2339 dicbus
3190 2266 3519 2340 Mercurii
3559 2273 3630 2339 et

678 2387 867 2463 Iovis
884 2445 907 2477 ,
969 2385 1136 2460 hora
1189 2385 1267 2471 I;

589 2509 933 2608 Eoeeyeein
1000 2505 1095 2580 N.
1172 2505 1621 2588 Testamenti,
1693 2499 2206 2599 interpretanda
2268 2500 2504 2574 Iacobi
2566 2501 2854 2600 epistola
2871 2561 2890 2590 ‚
2961 2503 3208 2578 diebus
3264 2503 3516 2578 Martis
3560 2508 3631 2577 et

681 2623 1013 2702 Mercurii
1038 2673 1060 2713 ,
1109 2621 1274 2695 hora
1321 2620 1437 2707 113
3033 2668 3040 2674 -

590 2745 977 2820 Hictcm‘am
1032 2741 1703 2836 steeiobaptistarum
1756 2739 2366 2814 Neerlandicarum
2417 2737 2646 2812 tradet
2687 2739 2800 2814 die
2843 2741 3096 2817 Martis
3113 2800 3134 2832 ‚
3183 2742 3348 2816 hora
3397 2743 3473 2829 13

589 2864 1144 2940 Eoeercitationee
1183 2861 1595 2934 homileticac
1640 2855 2111 2932 moderabitur
2151 2855 2265 2931 die
2307 2856 2494 2931 Iovis
2512 2915 2534 2946 ‚
2585 2856 2754 2933 hora
2793 2861 2913 2948 113

590 2985 971 3061 Emere-itii&
1011 2982 1333 3057 oratoriis
1372 2977 1647 3053 vacabit
1691 2977 1802 3052 die
1850 2976 2220 3065 Mercurii,
2271 2976 2445 3053 hora
2482 2977 2642 3068 111;

597 3100 1205 3180 commilitonibus
1243 3101 1581 3174 orationes
1611 3122 1845 3172 sacras
1874 3096 2299 3173 habentibus
2337 3120 2614 3196 praeses
2657 3098 2878 3173 aderit
2895 3159 2916 3189 ,
2966 3099 3083 3174 dio·
3123 3099 3366 3176 Lunae
3409 3109 3480 3175 et
3521 3100 3634 3175 die

692 3224 1021 3311 Veneris,
1072 3221 1237 3299 hora
1286 3221 1359 3292 11
1415 3218 1583 3293 dim.
3625 3238 3632 3245 ·

1630 3356 2061 3432 IOANNES
2110 3357 2566 3431 TIDEMAN
2585 3416 2604 3447 ‚

1476 3496 1759 3555 Professor
1807 3493 1865 3552 in
1909 3493 2116 3553 Semin.
2162 3493 2754 3554 nomenata-Reform.

608 3704 1027 3801 Theoloyiam
1106 3698 1262 3771 Chr.
1332 3694 1763 3793 doymaticam
1836 3688 2113 3763 docebit
2164 3688 2413 3764 diebus
2456 3690 2706 3763 Martis
2726 3748 2745 3777 ‚
2809 3690 3178 3778 Mercurii,
3230 3691 3413 3763 Iovis
3433 3748 3452 3778 ,
3501 3687 3638 3761 Ve-

702 3820 887 3897 neris
908 3877 928 3908 ‚
977 3818 1143 3892 hora
1188 3816 1338 3902 1x;

612 3941 1037 4039 Theoloffl‘am
1068 3937 1449 4034 practicam
1499 3930 1745 4005 diebus
1796 3927 2043 4002 Martis
2088 3934 2160 4000 et
2203 3926 2573 4014 Mercurii,
2627 3926 2792 4000 hora
2835 3927 2944 4015 X;

612 4058 1218 4158 E'ucyclopaediam
1270 4054 1669 4150 Zsseoloqiae
1723 4047 1883 4123 Chr.
1936 4046 2176 4120 tradat
2210 4044 2462 4118 diebus
2514 4045 2697 4119 Iovis
2743 4054 2814 4120 et
2862 4046 3148 4120 Veneris
3169 4106 3189 4135 ,
3241 4044 3405 4119 hora
3455 4044 3568 4134 X;

612 4178 992 4276 Discipulie
1044 4176 1406 4249 Orationes
1454 4192 1689 4245 sacras
1733 4168 2129 4242 habentibue
2174 4189 2448 4263 praeses
2487 4164 2706 4239 aderit
2751 4165 2864 4239 die
2907 4164 3153 4241 Martis
3174 4223 3191 4254 ,
3242 4166 3408 4241 hora
3455 4166 3567 4253 II;

614 4298 977 4375 Exercitia
1018 4295 1322 4368 oratoria
1367 4286 1834 4364 moderabitur
1881 4286 1993 4358 die
2039 4283 2287 4357 Martis
2308 4342 2329 4371 ‚
2381 4282 2546 4357 hora
2586 4284 2743 4370 111;

616 4416 1003 4491 Historiam
1052 4412 1433 4510 Reliyionis
1452 4465 1470 4495 ,
1522 4404 1705 4479 horis
1752 4401 1885 4477 sibi
1930 4408 1999 4475 et
2044 4400 2402 4499 discipulis
2445 4402 2844 4476 commodis.

1982 4644 2293 4671 ..-..-..--
