4728 5991
1102 574 1232 640 222
2116 571 2166 634 1.
2230 570 2279 636 1.
2346 591 2498 634 van
2556 567 3146 633 OOSTERZEE

1108 778 1639 881 philosophandi
1680 777 1942 852 ratione
1986 800 2121 850 non
2166 775 2390 874 magis
2427 775 2848 864 consulitur,
2897 799 3112 873 quam
3147 773 3362 848 animi
3399 772 3903 871 tranquillitati.
3981 773 4152 848 Ani-

1100 926 1262 976 mus
1332 899 1523 974 enim
1595 897 1943 986 humanus
2017 919 2155 970 non
2223 896 2386 988 sine·
2431 894 2678 970 acerbo
2729 895 3036 994 quodam
3089 893 3322 968 dolore
3373 894 3673 992 separari
3723 917 3800 968 se
3851 892 4066 966 sentit
4111 919 4152 968 a

1099 1019 1391 1120 pristino
1442 1015 1859 1092 adorationis
1902 1013 2171 1088 obiecto
2189 1071 2210 1102 ,
2274 1013 2742 1112 amissamque
2791 1013 3002 1086 fidem
3023 1049 3026 1054 ·
3051 1011 3400 1111 deplorat,
3451 1012 3856 1112 praesertim
3905 1013 3966 1086 si
4006 1012 4146 1088 iam

1098 1167 1142 1216 a
1208 1137 1463 1213 teneris
1530 1136 1693 1210 inde
1761 1133 2122 1232 Evangelii
2182 1132 2598 1207 suavitatem
2656 1131 3056 1230 gustaverit.
3177 1131 3496 1206 Leonum
3549 1139 3762 1232 atque
3809 1131 4148 1230 tigridum

1101 1259 1347 1334 dentes
1370 1317 1391 1346 ,
1466 1281 1604 1331 uno
1674 1257 1821 1331 ictu
1878 1253 2335 1328 miserrimam
2386 1251 2744 1327 victimam
2793 1251 3248 1326 dilacerantes
3272 1309 3293 1340 ,
3359 1250 3647 1326 fortasse
3705 1251 3940 1326 minus
3987 1260 4148 1324 sunt

1102 1376 1509 1479 periculosi,
1582 1400 1796 1474 quam
1845 1372 2165 1448 venenati
2215 1380 2616 1472 serpentum
2667 1395 2936 1446 morsus
2987 1379 3060 1444 et
3110 1369 3536 1468 viperarum,
3589 1369 3848 1468 quibus
3895 1371 4148 1468 praeda

1102 1497 1385 1574 tandem
1437 1495 1819 1570 miser-rima
1866 1505 2086 1567 morte
2134 1491 2549 1568 succumbit.
2639 1490 3132 1590 Scepticismus
3177 1489 3550 1564 discidium
3594 1489 3718 1564 alit
3757 1490 4148 1578 internum,

1100 1617 1291 1718 quod
1344 1641 1479 1691 non
1536 1624 1764 1715 potest
1812 1637 1951 1688 non
2009 1638 2136 1686 nos
2188 1612 2693 1687 infelicissimos
2745 1610 3032 1684 reddere
3049 1667 3070 1698 ,
3139 1609 3202 1684 si
3247 1608 3490 1684 saltem
3541 1608 3790 1682 veritas
3833 1607 4152 1707 religiosa

1100 1738 1303 1814 nobis
1358 1735 1673 1836 quaestio
1722 1744 1830 1808 est
1880 1759 2113 1808 revera
2163 1733 2408 1806 vitalis.
2512 1734 2758 1809 Quum
2809 1754 2966 1805 vero
3011 1729 3084 1803 in
3141 1727 3430 1802 discidio
3481 1728 3826 1803 eiusmodi
3876 1728 4147 1802 interno

1098 1858 1533 1957 acquiescere
1596 1855 1787 1930 nullo
1852 1853 2059 1928 modo
2110 1877 2231 1952 per
2277 1863 2502 1927 totum
2557 1852 2742 1925 vitae
2799 1850 3100 1950 spatium
3149 1847 3498 1947 possimus
3519 1906 3540 1936 ,
3609 1855 3732 1922 aut
3776 1845 4152 1946 aliquando

1100 1980 1514 2078 Mysticismi
1584 1975 1959 2050 evadamus
2028 1997 2305 2048 necesse
2379 1981 2522 2059 est,
2597 1980 2720 2045 aut
2789 1969 3284 2044 Materialismi
3347 1966 3668 2042 fautores,
3791 1967 3908 2040 Ita
3965 1966 4150 2040 haud

1100 2121 1359 2197 paucos
1428 2094 1535 2168 his
1601 2091 1851 2166 nostris
1922 2090 2171 2166 diebus
2238 2089 2590 2178 videmus,
2665 2089 2788 2189 qui
2853 2113 2896 2163 a
2965 2087 3216 2162 reiecta
3284 2086 3680 2185 Scripturas
3741 2086 4147 2160 auctoritate

1100 2215 1381 2290 initium
1450 2213 1777 2289 facientes
1796 2271 1817 2302 ,
1882 2212 1953 2284 in
2016 2210 2404 2284 dubitando
2457 2234 2730 2307 semper
2777 2209 3064 2283 ulterius
3113 2217 3636 2308 processerunt,
3701 2215 3780 2282 ut
3827 2233 3991 2282 mox
4036 2207 4150 2282 illa

1102 2359 1381 2434 quoque
1401 2391 1424 2423 ,
1496 2357 1675 2432 quae
1742 2342 1945 2407 antea
2016 2340 2295 2405 strenue
2364 2329 2849 2417 defenderant,
2917 2329 3004 2404 i‘is
3075 2329 3282 2403 verba
3344 2353 3680 2428 vocesque
3741 2327 4104 2402 videantur
4125 2385 4144 2416 ,

1101 2463 1591 2555 praetereaque
1658 2451 1905 2526 nihi1.·
1982 2451 2132 2526 Nec
2208 2451 2462 2524 mirum
2485 2509 2508 2538 ,
2581 2474 2802 2549 quum
2881 2449 3317 2549 Scepticismi
3387 2473 3522 2548 ope
3598 2449 3778 2524 vitae
3844 2448 4150 2522 internae

1103 2573 1293 2649 nervi
1362 2571 1645 2646 tandem
1714 2568 2095 2645 necessario
2157 2567 2374 2642 incidi
2449 2568 2772 2644 debeant.
2841 2569 3046 2673 ⁸Eius
3103 2569 3292 2644 enim
3357 2568 3746 2644 fautoribus
3809 2578 3958 2643 tam
4035 2568 4154 2642 diu

1102 2701 1381 2768 tantum
1442 2689 1780 2791 religiosis
1832 2713 2111 2764 manere
2156 2688 2436 2778 licebit,
2506 2688 2846 2788 quamdiu
2891 2688 3434 2779 obliviscuntur,
3485 2689 3660 2789 quid
3707 2689 3796 2764 de
3853 2687 4148 2787 patefac·

1100 2815 1348 2901 tionis,
1421 2813 1509 2887 de
1568 2811 2059 2886 miraculorum
2082 2868 2103 2898 ,
2154 2809 2243 2883 de
2290 2808 2768 2908 cuiuscunque
2819 2811 2922 2885 rei
2965 2835 3176 2910 supra
3228 2818 3550 2886 naturam
3597 2808 3872 2909 positae
3919 2809 4152 2883 absur-

1102 2934 1319 3010 ditate
1383 2931 1854 3031 profiteantur.
1955 2926 2302 3003 Excordes
2352 2934 2590 3003 autem
2643 2927 2862 3004 simus
2906 2938 3177 3035 oportet
3195 2989 3215 3020 ,
3271 2930 3406 3007 nisi
3457 2931 3938 3032 intelligamus
3957 2987 3978 3018 ,
4029 2929 4151 3005 hoc

1106 3052 1313 3127 modo
1380 3051 1521 3124 veri
1584 3049 1889 3124 nominis
1960 3048 2363 3147 religionem
2427 3049 2636 3123 verbo
2699 3049 2983 3149 quidem
3041 3050 3320 3125 admitti
3341 3110 3361 3140 ,
3423 3076 3662 3151 reapse
3709 3058 3948 3125 autem
3968 3107 3989 3138 ,
4041 3049 4144 3123 sin

1108 3172 1251 3246 min
1260 3196 1343 3245 us
1410 3169 1559 3243 tolli
1577 3228 1597 3257 ,
1670 3169 1913 3243 saltem
1975 3168 2075 3242 ita
2140 3167 2462 3242 imminui
2481 3227 2502 3257 ,
2573 3178 2652 3243 ut
2701 3170 2852 3245 eius
2897 3192 3108 3247 causa
3153 3196 3425 3272 semper
3473 3170 3968 3247 conclamatior
4009 3170 4146 3247 fiat.

1110 3292 1325 3370 Quod
1404 3289 1687 3365 omnino
1753 3296 1989 3365 contra
2068 3288 2528 3387 scepticorum
2597 3291 3056 3380 sententiam,
3135 3316 3580 3390 nequaquam
3654 3298 3896 3365 contra
3969 3290 4150 3387 ipsos

1112 3411 1445 3511 scepticos
1489 3410 1755 3485 dictum
1800 3409 1912 3483 sit.
2014 3409 2384 3482 Extremae
2433 3410 2862 3510 arrogantiae
2916 3411 3126 3499 foret,
3197 3411 3385 3510 ipsos
3439 3411 3752 3485 homiues
3806 3410 4111 3485 iudicare
4135 3466 4152 3495 ,

1108 3554 1415 3629 quorum
1464 3528 1673 3605 corda
1720 3526 2135 3628 perscrutari
2180 3551 2317 3601 non
2369 3553 2741 3626 possumus
2765 3588 2785 3618 ,
2835 3530 2994 3605 licet
3043 3554 3286 3605 eorum
3333 3531 3694 3630 opiniones
3737 3530 4154 3605 condemne-

1112 3676 1311 3740 mus,
1372 3674 1463 3724 ne
1524 3648 1780 3725 addam
1800 3706 1821 3737 ,
1891 3672 2280 3747 perversam
2334 3648 2673 3723 theoriam
2723 3649 3022 3723 subinde
3067 3651 3347 3725 meliore
3393 3658 3995 3751 propugnatorum
4043 3672 4156 3723 ns·

1112 3774 1267 3845 tura
1346 3769 1785 3869 aliquatenus
1850 3767 2139 3866 corrigi,
2210 3768 2444 3865 prouti
2511 3767 2603 3841 ab
2673 3768 2886 3843 altera
2961 3778 3156 3869 parte
3213 3772 3478 3870 optima
3525 3772 3792 3846 theoria
3843 3770 4156 3867 perversa

1110 3890 1307 3989 praxi
1382 3888 1681 3965 subinde
1746 3885 2275 3963 contaminatur.
2378 3886 2522 3962 Hic
2585 3897 2816 3963 tamen
2885 3914 3022 3963 non
3075 3891 3468 3989 quaeritur,
3535 3889 3708 3990 quid
3753 3890 3952 3963 intus
4001 3912 4150 3963 sen·

1114 4009 1329 4099 tiant,
1398 4034 1625 4109 neque
1694 4008 1868 4107 quid
1942 4014 2175 4106 aperte
2248 4008 2704 4105 profiteantur
2773 4010 3200 4107 Scepticismi
3272 4010 3587 4085 hodierni
3655 4011 3972 4110 patroni;
4037 4008 4154 4083 sed

1112 4127 1325 4226 quid,
1396 4129 1456 4203 si
1528 4129 1662 4203 sibi
1726 4135 2038 4202 constare
2108 4126 2362 4216 velint,
2435 4128 2739 4226 profiteri
2785 4143 3164 4227 cogantur,
3235 4154 3466 4229 neque
3515 4156 3556 4205 e
3607 4154 3814 4205 sanae
3867 4127 4154 4227 logices

1114 4244 1467 4345 principiis
1516 4247 1843 4345 defugere
1888 4246 2178 4345 possint.
2278 4248 2374 4321 Et
2427 4248 2556 4323 hoc
2603 4250 2664 4323 si
2719 4250 3094 4347 quaeritis,
3145 4251 3286 4325 iam
3327 4251 3677 4325 neminem
3727 4249 3940 4349 paulo
3981 4246 4154 4346 peri·

1114 4364 1363 4439 tiorem
1407 4364 1481 4439 id
1526 4366 1791 4465 fugiet,
1843 4364 2277 4465 Scepticismi
2321 4392 2490 4467 regn
2499 4392 2620 4443 um
2665 4393 2890 4468 neque
2941 4372 3343 4468 disciplinae
3389 4370 3826 4470 Theoloyicae
3873 4388 4152 4465 magno·

1116 4509 1279 4585 pere
1324 4484 1647 4584 prodesse
1672 4542 1691 4573 ,
1758 4509 1984 4583 neque
2022 4488 2161 4584 φα·
2200 4488 2558 4563 Ecclesiae
2625 4490 2898 4565 Christi.
3001 4490 3118 4563 Ad
3167 4490 3362 4589 prius
3405 4490 3598 4589 quod
3645 4488 3900 4563 attinet
3920 4544 3942 4576 ,
4005 4508 4152 4585 ger·

1119 4628 1363 4680 manae
1436 4605 1761 4679 scientiae
1837 4612 1981 4692 est,
2056 4628 2197 4679 non
2280 4612 2555 4680 tautum
2635 4610 2804 4706 quid
2882 4634 3011 4682 non
3085 4610 3216 4699 sit,
3301 4609 3422 4685 sed
3489 4610 3744 4698 etiam,
3825 4606 4000 4707 quid
4069 4607 4160 4679 sit

1119 4724 1443 4800 indicare.
1546 4724 2049 4823 Triumphante
2112 4734 2347 4799 autem
2414 4727 2861 4827 Scepticismo
2885 4787 2904 4817 ,
2973 4730 3204 4827 ipsum
3268 4728 3669 4829 disciplinae
3737 4726 4156 4827 theologicae
