4728 5991
1074 594 1205 662 220
2084 595 2135 659 1.
2199 595 2249 661 1.
2320 613 2462 658 var«
2526 590 3114 658 OOSTERZEE

1067 803 1357 877 nitatem
1430 802 1611 877 tueri
1680 808 2008 875 conantes
2028 859 2049 888 ,
2124 799 2400 874 etiamsi
2474 824 2519 873 a
2585 800 2916 874 miraculo
2979 798 3170 872 omni
3235 799 3670 873 abhorreant.
3789 801 4120 878 Quonam

1065 947 1223 996 vero
1303 922 1451 997 iure
1523 922 1623 995 ita
1685 929 2031 1008 statuant,
2102 945 2189 994 ex
2256 945 2368 994 mc
2440 929 2624 993 certe
2694 945 2832 994 non
2898 918 3246 1017 quaeratis
3315 919 3557 993 velim:
3631 919 3914 1007 Davus,
3977 943 4118 994 non

1066 1041 1382 1140 Oedipus
1458 1065 1637 1116 sum.
1744 1041 1819 1114 Si
1890 1064 2123 1114 revera
2192 1039 2726 1114 Pantheismum
2793 1038 3032 1138 fugere
3097 1037 3301 1126 velis,
3375 1046 3588 1136 atque
3641 1047 3710 1112 te
3757 1038 4116 1113 Theistam

1060 1186 1316 1259 purum
1390 1169 1777 1259 praestare,
1854 1160 2185 1234 miracula
2254 1159 2499 1233 saltem
2563 1159 2714 1232 fieri
2766 1183 2974 1256 posse
3039 1157 3370 1232 admittas
3431 1181 3710 1232 necesse
3782 1167 3913 1232 est.
4039 1158 4116 1231 Si

1059 1290 1298 1354 contra
1357 1279 1486 1355 hoc
1552 1279 1895 1378 denegas,
1946 1280 2101 1352 vide
2124 1338 2144 1367 ,
2196 1279 2546 1376 quomodo
2601 1279 2849 1351 mundi
2895 1278 3309 1352 creationem
3357 1277 3772 1375 generisque
3823 1277 4113 1352 humani

1056 1400 1393 1499 originem
1457 1398 1588 1473 tibi
1658 1400 2103 1498 aliquatenus
2160 1400 2532 1474 informare
2591 1397 2832 1494 possis
2935 1397 3011 1469 Si
3074 1421 3234 1470 vero
3293 1396 3381 1469 de
3439 1397 3737 1470 aeter-nd
3769 1397 4112 1470 creatione

1056 1517 1404 1592 balbutire
1469 1518 1605 1591 iam
1672 1517 1964 1615 incipis,
2031 1516 2187 1589 vide'
2242 1517 2494 1590 iterum
2522 1574 2540 1604 ,
2594 1541 2805 1613 quam
2857 1540 3102 1613 parum
3154 1516 3385 1589 adhuc
3441 1515 3532 1589 ab
3585 1514 3837 1614 abysso
3889 1539 4110 1589 remo-

1056 1643 1173 1711 tus
1224 1639 1361 1726 sis,
1412 1637 1483 1710 in
1528 1639 1669 1734 qua
1719 1636 1931 1710 miser
1978 1660 2117 1710 non
2162 1643 2440 1709 tantum
2489 1636 2721 1709 Deum
2769 1636 3148 1732 Iesumque
3194 1644 3438 1720 tuum,
3491 1635 3614 1708 sed
3655 1643 3730 1708 et
3773 1634 4106 1733 teipsum

1054 1759 1411 1855 animique
1462 1756 2053 1830 immortalitatem
2098 1756 2400 1828 amittas,
2504 1756 2653 1842 Ita,
2707 1761 3154 1829 evanescente
3200 1753 3708 1851 supranaturali
3756 1753 4106 1853 religionis

1054 1888 1329 1952 nostrae
1377 1876 1877 1962 fundamento,
1947 1900 2035 1948 ne
2082 1875 2233 1972 ipsa
2277 1873 2520 1973 religio
2566 1900 2727 1948 mox
2771 1884 3176 1962 evanescat,
3229 1875 3620 1948 timendum
3667 1881 3797 1948 est.
3893 1873 4108 1952 Quod

1054 1998 1241 2071 enim
1302 1995 1619 2071 nonnulli
1683 1993 2053 2093 perhibent
2076 2052 2095 2081 ,
2166 1995 2692 2092 Supranaturali
2755 1995 2947 2068 omni
2996 2002 3299 2082 remote,
3365 2004 3596 2068 tamen
3647 1993 3873 2091 ipsam
3917 1993 4106 2066 Reli·

1047 2118 1329 2217 gionem
1402 2116 1475 2188 in
1546 2124 1907 2189 aeternum
1962 2137 2241 2187 manere
2264 2172 2283 2201 ,
2336 2112 2480 2187 imo
2531 2115 2790 2189 maiore
2840 2115 3047 2188 etiam
3099 2114 3460 2212 splendore
3500 2113 3768 2212 fulgere
3817 2115 3874 2203 ι)
3899 2168 3921 2200 ,
3967 2112 4104 2187 dici

1049 2238 1163 2310 vix
1234 2241 1501 2333 potest,
1564 2236 1651 2309 A.
1706 2237 1839 2323 A.,
1912 2258 2123 2331 quam
2188 2259 2437 2331 parum
2507 2234 2834 2308 credibile
2900 2235 3010 2309 sit.
3113 2233 3346 2322 Quid,
3405 2232 3598 2331 quod
3653 2231 3822 2306 satis
3875 2231 4106 2305 mirari

1049 2380 1187 2429 non
1254 2378 1537 2454 possum
1560 2412 1580 2442 ,
1650 2379 1875 2454 quum
1932 2354 2097 2427 talia
2154 2355 2241 2426 ab
2306 2355 2806 2451 Esperientiae
2855 2357 3180 2451 patronis
3231 2351 3612 2451 exspectari
3659 2351 3804 2424 iam
3854 2350 4062 2424 audio
4079 2407 4098 2436 ,

1048 2500 1229 2574 quae
1298 2475 1721 2574 experientia
1790 2474 1947 2572 ipsa
2022 2497 2161 2546 non
2226 2498 2608 2571 paucorum
2677 2497 3016 2548 annorum
3040 2531 3060 2560 ,
3131 2472 3254 2546 sed
3314 2471 3622 2569 plurium
3671 2470 4100 2546 saeculorum

1044 2596 1373 2670 continua
1442 2595 1872 2670 refelluntur.
1976 2593 2257 2667 Etenim
2322 2593 2748 2692 experientia
2799 2592 3080 2681 docuit,
3141 2615 3424 2666 omnem
3474 2591 3916 2691 Religionem
3969 2589 4098 2663 hu·

1042 2741 1303 2814 cusque
1352 2741 1517 2789 cum
1566 2716 1747 2802 fide,
1812 2723 1919 2813 τῷ
1974 2715 2501 2811 Supranaturali
2553 2713 2792 2789 habita
2817 2771 2836 2802 ,
2887 2723 2962 2788 et
3011 2711 3358 2786 exstitisse
3407 2720 3480 2786 et
3529 2711 3910 2797 corruisse;
3957 2708 4096 2783 his·

1042 2837 1217 2911 toria
1260 2843 1599 2922 testatur,
1666 2858 1911 2907 omnes
1960 2841 2181 2907 sectas
2207 2891 2225 2920 ,
2278 2834 2403 2930 qui
2449 2833 2577 2908 hoc
2632 2833 3170 2909 fundamentum
3213 2832 3574 2908 reiicerent
3617 2873 3713 2891 —·
3769 2830 4098 2928 Theophi-

1040 2957 1619 3052 lanthropinorum
1692 2952 2183 3030 tantummodo
2252 2953 2458 3028 liceat
2517 2955 2814 3031 excitare
2873 2954 3210 3029 familiam
3251 2997 3355 3013 -
3398 2957 3706 3051 egestate
3757 2948 4100 3050 spirituali

1048 3075 1187 3149 cito
1250 3072 1457 3146 citius
1520 3071 1971 3145 succubuisse
1990 3104 2010 3159 3
2076 3071 2428 3168 religionis
2473 3074 2783 3147 Annales
2831 3082 3414 3161 commonstrant,
3465 3070 3795 3147 miracula
3843 3070 4096 3144 hucus-

1045 3218 1184 3291 que
1259 3190 1465 3289 vulgo
1534 3190 1787 3265 reiecta
1860 3190 2075 3263 fuisse
2097 3248 2118 3278 ,
2186 3215 2631 3290 nequaquam
2674 3217 2717 3267 a
2762 3192 3294 3290 religiosissimis
3339 3192 3502 3265 viris
3521 3250 3542 3280 ,
3601 3192 3724 3265 sed
3769 3198 4012 3264 contra
4053 3214 4098 3263 a

1044 3336 1289 3412 parum
1344 3310 1747 3409 religionem
1793 3308 2221 3384 curantibus,
2326 3313 2656 3388 Quonam
2701 3311 2852 3385 iure
2870 3370 2889 3398 ,
2941 3336 3201 3409 quaeso
3219 3369 3240 3400 ,
3289 3312 3348 3387 si
3400 3307 3845 3409 Experientia
3893 3306 4094 3382 nobis

1122 3542 1174 3617 ¹)
1214 3544 1337 3611 Ita.
1382 3562 1431 3603 e.
1452 3562 1510 3619 g.
1554 3556 1793 3613 amun,
1834 3542 2102 3603 lachaire
2119 3542 2436 3617 d'Hebreu,
2482 3550 2588 3604 etc.
2607 3588 2623 3617 ,
2666 3563 2792 3625 pag.
2832 3548 2940 3615 29,
2984 3549 3274 3625 postquam
3309 3544 3629 3625 scripserat:
3677 3546 3764 3605 ale
3783 3542 4093 3603 sumaturcl

1042 3653 1125 3705 est
1182 3644 1393 3705 devenu
1453 3664 1667 3705 comme
1721 3663 1830 3703 une
1888 3642 2050 3703 tache
2104 3644 2432 3723 originelle,
2489 3646 2628 3706 dont
2665 3666 2737 3707 on
2782 3668 2814 3706 a
2853 3647 3060 3724 honte3
3117 3650 3196 3707 les
3238 3667 3567 3728 personnes,
3623 3646 3806 3707 meme
3846 3646 3929 3705 les
3969 3646 4090 3727 plus

1038 3748 1387 3825 religieuses,
1447 3746 1577 3807 n'en
1635 3748 1856 3807 veulent
1906 3747 2029 3827 plus
2087 3746 2259 3827 qu'un
2302 3748 2627 3821 minimum,
2670 3769 2744 3808 on
2789 3748 3025 3809 cherche
3065 3750 3104 3809 ὃ,
3144 3750 3281 3811 faire
3321 3770 3384 3811 sa
3421 3756 3544 3831 part
3583 3749 3728 3809 aussi
3769 3747 3942 3829 petite
3983 3766 4089 3827 que

1040 3852 1308 3933 possible,
1351 3872 1423 3912 on
1467 3854 1520 3911 lc
1562 3850 1731 3911 cache
1772 3848 1908 3909 dans
1948 3852 2028 3909 les
2072 3851 2288 3910 recoins
2330 3850 2404 3909 du
2444 3850 2622 3930 passe.
2705 3850 2896 3911 Qu’on
2940 3850 3056 3910 s’en
3100 3852 3361 3929 rejouisse
3399 3872 3473 3911 ou
3504 3870 3614 3911 non
3635 3895 3649 3920 ,
3693 3851 3746 3909 le
3781 3848 4090 3910 sui-natural

1036 3953 1299 4035 disparsit
1356 3954 1425 4015 de
1481 3974 1545 4015 ce
1594 3952 1831 4030 monde3
1892 3952 1933 4011 il
1991 3952 2271 4013 n’obtient
2322 3954 2444 4032 plus
2483 3952 2552 4012 de
2595 3952 2674 4011 foi
2715 3952 2954 4013 sei-ienae
2993 3974 3100 4032 que
3140 3954 3277 4014 dans
3316 3956 3396 4014 les
3439 3956 3672 4024 classes,
3714 3952 3810 4033 qui
3848 3970 3920 4011 ne
3959 3958 4088 4011 sont

1038 4076 1135 4137 pas
1186 4076 1256 4117 au
1310 4063 1542 4118 cautant
1592 4057 1663 4116 de
1719 4058 1837 4115 leur
1892 4054 2132 4128 siecle,’'
2190 4059 2303 4115 iam
2362 4055 2576 4136 pergit:
2637 4054 2792 4115 afaut
2843 4055 2885 4114 il
2936 4075 3043 4134 que
3095 4056 3151 4115 la
3203 4056 3436 4133 religion
3479 4055 3747 4115 s’ecroule
3785 4054 3859 4113 du
3903 4054 4086 4114 meme

1037 4163 1215 4239 coup?
1290 4161 1459 4232 Non,
1516 4178 1653 4219 non.
1726 4158 1812 4217 La
1850 4158 2109 4235 Religion
2154 4163 2240 4218 est
2280 4159 2424 4219 aussi
2467 4157 2764 4229 etei-nelle,
2819 4176 2926 4238 qua
2965 4158 3020 4217 la
3059 4158 3244 4239 poesie
3283 4165 3342 4219 et
3381 4157 3678 4219 l’amour.''
3749 4156 3910 4217 Idem
3954 4176 4084 4217 vero

1036 4268 1231 4331 antea,
1287 4281 1417 4341 pag.
1463 4264 1535 4321 28
1556 4304 1575 4332 ,
1630 4260 1950 4339 scripserat:
2014 4258 2321 4319 neclosions
2371 4260 2504 4319 d’un
2555 4264 2804 4319 moment
2847 4258 2886 4319 a
2931 4260 2986 4321 la
3025 4261 3238 4321 suriace
3275 4260 3408 4321 d’un
3449 4280 3620 4321 ocean
3663 4258 3900 4330 d’etres‚
3945 4278 4085 4319 nous

1034 4357 1174 4423 nou‘s
1228 4368 1455 4421 sentons
1506 4381 1636 4421 aveo
1684 4361 1897 4421 l’abime
1953 4362 2112 4423 ndtre
2161 4364 2299 4440 pere
2354 4383 2461 4423 une
2511 4362 2868 4440 mysterieuse
2923 4362 3206 4436 affinit6,”
3249 4370 3413 4443 atque
3452 4363 3706 4441 negavit,
3751 4382 3811 4421 se
3851 4362 3921 4421 ad
3957 4361 4084 4421 illos

1032 4465 1339 4546 pertinere,
1404 4464 1499 4544 qui
1562 4463 1863 4525 diminuere
1926 4466 2097 4526 velint
2166 4470 2259 4527 ala
2313 4485 2506 4525 somme
2559 4466 2628 4525 de
2683 4464 2913 4541 religion
2934 4511 2950 4537 ,
3007 4465 3102 4547 qui
3155 4472 3303 4525 reete
3353 4485 3543 4525 encore
3596 4486 3665 4524 en
3709 4484 3772 4525 ce
3813 4462 4079 4523 monde.”

1030 4568 1267 4627 Difficile
1308 4568 1455 4627 foret
1494 4586 1727 4646 negare,
1770 4569 1917 4629 hanc
1958 4567 2243 4645 religionis
2284 4566 2708 4629 diminutionem
2729 4611 2744 4638 ,
2785 4586 2950 4645 quam
2989 4566 3062 4627 V.
3085 4566 3172 4627 Cl.
3205 4564 3354 4627 haud
3381 4564 3582 4625 iniuria
3604 4565 3886 4642 agnoscit,
3931 4569 4084 4624 arete

1032 4672 1334 4733 cohaerere
1367 4690 1489 4731 eum
1532 4671 1927 4752 propagatione
1968 4670 2215 4733 idearum
2257 4666 2758 4749 philosophicarum
2777 4715 2792 4740 ,
2847 4668 3046 4748 quibus
3087 4688 3256 4729 omne
3295 4668 3716 4749 Supranaturale
3757 4672 4076 4740 amovetur,

1029 4794 1095 4835 ac
1136 4775 1255 4835 Deo
1296 4774 1569 4855 personali
1610 4774 1953 4855 aliquatenus
1999 4773 2245 4850 Abyssus
2284 4771 2648 4833 substituitur.
