4728 5991
1085 626 1219 691 1½
2260 618 2340 685 G.
2413 615 2951 697 1.LONCQ

1084 854 1351 905 nonus
1378 830 1474 924 ⁴⁰)
1527 837 1599 903 et
1626 850 2052 916 unanime,
2085 827 2186 918 ⁶⁰)
2225 847 2682 901 enasnusrus
2705 823 2806 914 ⁶¹)
2843 819 3562 911 etmcnnnn1us,⁶²)
3599 842 3992 895 nummus
4023 820 4124 913 6θ)

1083 958 1155 1025 et
1204 972 1606 1038 monaca,
1657 948 1757 1041 ⁶⁴)
1813 970 2027 1046 quam
2076 944 2336 1045 egregii
2387 941 2676 1031 medici,
2727 961 2942 1042 quam
2991 939 3178 1014 docti
3225 938 3628 1037 scriptores!

1184 1068 1611 1143 Recentioris
1682 1068 1852 1141 item
1918 1065 2290 1139 memoriae
2360 1086 2714 1138 enunsms
2765 1064 2864 1155 66)
2929 1070 3073 1149 est,
3141 1059 3442 1133 eximius
3490 1057 3908 1133 Academiae
3957 1060 4130 1133 Gro-

1081 1190 1427 1287 ninganae
1480 1188 1845 1275 alumnus,
1896 1194 1977 1260 ut
2018 1185 2321 1283 primum
2373 1182 2968 1258 Harderovicenae
2988 1239 3008 1271 ‚
3081 1180 3179 1255 sic
3227 1179 3478 1253 deinde
3533 1178 3964 1253 Traiectinae
4011 1203 4136 1279 per

1082 1311 1360 1409 longam
1435 1332 1777 1383 annorum
1848 1306 2096 1383 seriem
2166 1304 2379 1379 decus
2439 1310 2511 1377 et
2585 1310 3092 1377 ornamentum.
3195 1301 3398 1378 Quae
3469 1298 3752 1373 tandem
3828 1298 4132 1375 laudatio

1081 1436 1278 1503 tanto
1321 1428 1466 1502 viro
1507 1428 1721 1527 digna
1763 1424 1907 1499 sit?
1956 1426 2159 1503 Quae
2204 1446 2644 1510 PAaAmsro,
2695 1424 2794 1515 66)
2846 1446 2986 1521 quo
3029 1421 3138 1495 vel
3179 1419 3554 1494 acutiorem
3599 1418 3708 1491 vel
3755 1418 4127 1517 elegantio-

1083 1573 1229 1622 rem
1298 1546 1663 1622 Leidensis
1724 1542 2142 1630 Academia,
2208 1567 2322 1617 me
2385 1542 2669 1640 quidem
2731 1541 2999 1627 iudice,
3069 1539 3184 1613 vix
3239 1537 3486 1611 habuit
3541 1536 3816 1611 ullum?
3887 1539 4129 1628 Quae,

1084 1692 1381 1767 quaese,
1452 1686 1971 1751 nuncianum,
2024 1663 2123 1754 67)
2188 1660 2514 1735 facundia
2562 1685 2700 1734 non
2749 1661 2984 1733 minus
3035 1667 3105 1731 et
3153 1657 3508 1731 indicandi
3555 1657 3867 1746 solertia,
3916 1682 4130 1757 quam

1084 1785 1411 1859 scientiae
1472 1784 1808 1857 varietate
1870 1780 2269 1879 praeclaro?
2340 1781 2548 1858 Quae
2609 1780 2911 1878 denique
2956 1800 3484 1864 rnunssxmno,
3531 1778 3630 1869 ⁶⁸)
3689 1802 3830 1876 quo
3879 1778 4127 1877 gloria·

1082 1903 1274 1977 bitur
1320 1902 1715 2002 Groninga,
1768 1901 1935 1974 dum
1990 1899 2269 1999 ingenio
2318 1898 2806 1997 doctrinaeque
2857 1899 3008 1973 laus
3049 1896 3394 1971 constabit
3441 1902 3512 1971 et
3549 1896 3820 1971 honos?
3884 1898 4129 1975 Quan-

1082 2030 1239 2096 tum
1293 2045 1695 2110 onrrnms,
1744 2022 1842 2114 ⁶⁹)
1906 2036 1989 2095 et.
2026 2042 2385 2107 nomme,
2438 2020 2534 2111 ⁰⁰)
2607 2028 2678 2092 et
2719 2041 3195 2106 avenaceus,
3245 2017 3342 2108 ⁰¹)
3407 2026 3750 2113 quantum
3795 2041 4126 2095 uacent·

1084 2165 1343 2229 mnus,
1394 2143 1493 2234 6Β)
1558 2164 2012 2230 ΤΗΥεεΕΝυε,
2076 2140 2173 2230 ⁰³)
2230 2161 2669 2226 narramus,
2737 2140 2832 2229 ⁰⁴)
2895 2158 3340 2213 Annxtfflmsa
3377 2136 3476 2227 66)
3529 2160 3685 2209 cum
3741 2146 3888 2211 arte
3933 2137 4128 2213 facti-

1083 2262 1336 2349 tanda,
1388 2269 1541 2334 tum
1591 2260 1865 2359 scriptis
1913 2258 2237 2345 edendis,
2290 2258 2362 2331 hi
2411 2281 2690 2356 quoque
2734 2256 3019 2331 medicis
3060 2254 3510 2330 informandis
3553 2256 3818 2353 patriae
3852 2264 4130 2333 nostrae

1085 2381 1529 2480 profuerunt!
1580 2380 1802 2458 Quid
1850 2380 2075 2453 dicam
2118 2378 2210 2473 de
2256 2399 2874 2464 woranannnxro,
2919 2376 3016 2468 ⁶⁰)
3069 2374 3535 2449 eruditissimo
3576 2375 4130 2477 peritissimoque

1089 2523 1385 2575 cannen
1465 2500 1857 2600 discipulo?
1956 2497 2151 2577 Quid
2224 2497 2311 2571 de
2380 2518 2798 2571 vosMAmuo
2823 2554 2843 2583 ,
2893 2496 2990 2587 ⁰⁷)
3066 2495 3207 2567 viro
3283 2494 3600 2594 egregio,
3665 2519 3708 2568 a
3773 2518 4130 2571 numano

1084 2629 1319 2695 nostro
1381 2644 1507 2718 pm
1563 2620 1833 2695 meritis
1898 2618 2232 2693 laudato?
2308 2616 2505 2696 Quid
2555 2616 2838 2690 tandem
2891 2616 2982 2689 de
3033 2637 3424 2691 rum-‚nro
3477 2616 3576 2707 68)
3633 2616 3858 2715 deque
3909 2640 4126 2691 suna·

1084 2762 1397 2827 mamus,
1448 2740 1547 2831 ⁰⁸)
1604 2748 1801 2838 patre
1856 2746 1929 2812 et
1993 2738 2190 2813 filio?
2280 2736 2442 2811 Hoc
2489 2760 2750 2823 unum,
2809 2736 3220 2811 Auditores:
3273 2758 3454 2833 quae
3501 2734 3664 2811 huic
3711 2736 4128 2812 Academiae

1083 2870 1277 2933 tanto
1352 2858 1595 2931 honori
1618 2916 1636 2945 ,
1712 2882 1893 2955 quae
1962 2856 2223 2931 civitati
2292 2864 2439 2930 tam
2515 2856 2836 2931 salutaris
2907 2855 3042 2929 fuit
3113 2856 3319 2944 arti-s,
3391 2879 3604 2954 quam
3673 2856 4126 2947 exercebant,

1086 2977 1577 3075 doctrinaeque
1624 2976 2048 3076 praestantia
2096 2975 2339 3074 patriis
2390 2974 2684 3052 debetur
2734 2975 3320 3052 universitatibus.

1183 3099 1285 3170 At
1353 3121 1493 3170 non
1560 3096 1848 3170 medicis
1919 3096 2319 3184 dumtaxat,
2392 3094 2600 3170 etiam
2673 3095 3076 3170 anatomicis
3129 3095 3426 3170 eminuit
3473 3094 3642 3170 haec
3689 3102 3872 3170 terra
3917 3095 4126 3170 Bata·

1088 3239 1327 3290 vorum
1353 3275 1373 3304 ‚
1447 3215 1608 3315 qui,
1677 3215 1851 3315 quid
1898 3215 2289 3290 academica
2332 3216 2556 3290 valeat
2607 3215 2990 3303 instituti0,
3051 3240 3214 3289 cum
3267 3213 3714 3314 aequalibus,
3765 3223 3916 3288 tum
3967 3239 4126 3314 pos·

1084 3335 1251 3407 teris
1313 3335 1699 3410 luculenter
1763 3335 2188 3433 probarunt,
2260 3359 2698 3434 quorumque
2745 3335 2933 3410 haud
2987 3335 3189 3434 pauci
3240 3335 3328 3408 de
3378 3334 3864 3434 physiologicis
3913 3336 4122 3410 etiam

1082 3464 1158 3526 et
1203 3454 1653 3554 pathologicis
1704 3454 2233 3554 quaestionibus
2280 3454 2458 3528 bene
2503 3465 2924 3530 meruerunt.
2999 3455 3365 3529 PAAwnm
3407 3453 3792 3552 cogitemus
3831 3454 4131 3554 eiusque

1086 3573 1504 3672 discipulum
1572 3598 2173 3663 ranconunemu,
2226 3575 2321 3666 ⁷⁰)
2403 3599 2698 3674 quorum
2769 3576 2886 3648 ill-e
2935 3598 3278 3648 summam
3321 3573 3488 3647 artis
3535 3573 3854 3672 peritiam
3902 3575 4130 3648 admi·-

1082 3693 1285 3767 rabili
1350 3693 1655 3768 habebat
1721 3693 2045 3768 facundia
2110 3695 2586 3783 coniunctam,
2658 3695 2769 3769 hic
2829 3719 2990 3769 vero
3059 3691 3349 3768 mortuis
3411 3717 3550 3766 nou
3617 3703 3888 3767 tantum
3913 3753 3932 3781 ,
4001 3695 4125 3770 sed

1083 3813 1255 3887 vivis
1318 3813 1532 3889 etiam
1605 3813 1917 3916 secandis
1984 3813 2158 3888 adeo
2237 3813 2718 3912 praecelluisse
2775 3813 3082 3900 videtur,
3149 3818 3232 3886 nt
3279 3810 3666 3910 chirurgiae
3721 3813 4130 3910 professoris

1084 3933 1289 4008 titulo
1336 3933 1603 4032 primus
1652 3933 1964 4007 omnium
2016 3941 2301 4006 ornatus
2344 3933 2454 4006 sit.
2579 3933 3026 4007 Summum
3075 3940 3150 4006 et
3192 3954 3949 4020 nmunnnaoncxmu,
4002 3935 4124 4032 qui

1083 4078 1241 4128 cum
1282 4054 1489 4140 alias,
1540 4060 1622 4125 ut
1661 4052 2001 4140 vidimus,
2054 4051 2460 4151 disciplinae
2496 4061 2766 4151 partes,
2819 4061 2968 4126 tum
3017 4051 3222 4124 etiam
3255 4059 3622 4126 anatomen
3667 4053 3738 4125 in
3785 4053 3914 4128 hac
3947 4055 4126 4129 Aca-

1085 4171 1315 4245 demia
1366 4171 1569 4269 plene
1612 4171 2105 4270 cumulateque
2159 4155 2565 4246 docuerunt.
2666 4172 2784 4245 Ad
2835 4194 3178 4245 nonnum
3224 4171 3320 4258 ⁷¹)
3379 4171 3547 4243 item
3599 4195 3930 4268 provoco,
3983 4197 4128 4272 quo

1080 4291 1301 4365 Leida
1362 4289 1725 4390 gloriatum
1798 4291 1889 4364 ad
1968 4314 2396 4366 aurscmtm
2449 4293 2544 4382 ⁷²)
2613 4298 2686 4364 et
2747 4313 3492 4378 swammnmmmm,
3565 4291 3660 4383 ⁷⁸)
3723 4289 4130 4367 duumviros

1082 4408 1501 4509 praeclaros,
1572 4409 1643 4482 in
1715 4409 2076 4485 Horniana
2145 4410 2446 4484 maxime
2520 4409 2751 4483 schola
2803 4409 3206 4484 informatos
3223 4442 3243 4498 3
3321 4410 3411 4483 ad
3467 4433 3851 4484 onumen
3901 4413 3998 4504 ⁷⁴)
4053 4423 4128 4486 et

1082 4551 1534 4603 nonoxmwu
1556 4586 1577 4617 ,
1628 4529 1724 4621 76)
1782 4529 1871 4602 de
1920 4528 2123 4602 variis
2176 4539 2532 4603 anatomes
2589 4529 2902 4626 partibus
2953 4553 3164 4630 quam
3211 4529 3474 4627 optime
3525 4531 3824 4604 meritos.
3927 4531 4126 4605 Dan·

1080 4669 1540 4722 uncum-nm
1590 4648 1690 4739 ⁷⁰)
1754 4669 2099 4734 memoro,
2172 4645 2410 4744 magni
2475 4667 2934 4721 aonanuvn
3005 4656 3553 4748 praeceptorem,
3625 4671 3966 4726 Necnon
4025 4651 4122 4742 77)

1080 4774 1152 4840 et
1220 4787 1553 4839 mmmm
1574 4821 1595 4852 ,
1646 4765 1742 4856 78)
1818 4761 2131 4861 singulos
2202 4771 2273 4836 et
2338 4771 2750 4842 scrutatores
2799 4767 3176 4864 praeclaros
3195 4825 3216 4857 ,
3276 4779 3348 4842 et
3403 4769 3716 4843 doctores
3757 4769 4076 4870 egregios
4099 4827 4120 4858 ,
