4728 5991
1107 615 1243 684 204
2124 614 2174 682 Ι.
2240 613 2291 679 Ι.
2355 634 2511 678 van
2570 609 3163 678 OOSTERZEE

1106 823 1298 922 quod
1348 831 1511 899 ante
1561 821 1690 897 hos
1741 819 1993 922 viginti
2045 843 2166 894 sex
2213 843 2433 894 annos
2484 843 2572 893 ex
2614 818 2980 918 ipsissimis
3022 818 3208 894 hisce
3258 819 3727 895 studiosorum
3776 821 4155 912 subselliis,

1102 941 1562 1018 clarissimum
1651 963 1889 1016 vmxn
1963 939 2037 1014 in
2121 939 2475 1014 Orationis
2553 939 2995 1038 Inauguralis
3077 939 3368 1014 introitu
3452 939 3801 1016 dicentem
3884 940 4152 1018 audivi:

1112 1063 1434 1138 uescendi
1479 1061 1696 1162 igitur
1741 1059 2066 1158 equidem
2115 1058 2188 1132 in
2234 1057 2635 1134 cathedram
2686 1059 2980 1148 hancce,
3030 1069 3105 1134 at
3154 1084 3455 1157 quonam
3516 1059 3648 1134 sim
3692 1060 3932 1135 animo
3952 1117 3975 1149 ‚
4021 1084 4155 1135 non

1097 1192 1205 1256 est
1268 1183 1459 1281 quod
1526 1181 1794 1270 dicam,
1866 1204 2030 1254 nam
2085 1179 2320 1253 vultus
2373 1186 2444 1252 et
2494 1203 2627 1284 von
2674 1185 2745 1252 et
2790 1186 3072 1252 artuum
3117 1188 3376 1254 tremor
3424 1203 3538 1254 me
3583 1179 3895 1280 produnt
3910 1181 3983 1270 ,³³
4033 1180 4155 1256 hoc

1095 1302 1337 1402 ipsum
1407 1303 1496 1377 de
1558 1325 1672 1376 me
1693 1360 1712 1388 ,
1783 1299 2111 1399 praeclari
2173 1297 2299 1371 viri
2347 1297 2687 1397 discipulo
2706 1356 2727 1387 ,
2778 1299 3116 1374 affirmare
3169 1324 3309 1374 non
3360 1323 3592 1374 vereor
3615 1359 3635 1388 ,
3687 1299 3951 1398 quippe
3997 1300 4149 1398 qui,

1095 1422 1488 1497 minoribus
1536 1419 1796 1496 viribus
1836 1419 2192 1518 praeditus
2215 1476 2236 1507 ,
2279 1417 2560 1517 gravius
2602 1417 2811 1492 etiam
2852 1443 3033 1492 onus
3071 1419 3381 1494 humeris
3418 1420 3826 1521 impositum
3866 1418 4144 1494 videam.

1095 1543 1309 1621 Quod
1357 1542 1418 1616 si
1451 1543 1738 1642 pravius
1784 1538 2072 1614 dixerim
2100 1596 2121 1626 ‚
2169 1537 2549 1612 Auditores
2570 1596 2591 1627 ,
2646 1561 2775 1632 vos
2822 1561 2963 1612 non
3014 1563 3431 1640 magnopere
3483 1565 3525 1615 a
3568 1563 3683 1614 me
3726 1537 4147 1614 dissensuros

1092 1685 1285 1751 esse,
1356 1659 1632 1737 confido
1707 1669 1778 1733 et
1851 1682 2071 1758 spero.
2171 1657 2453 1732 Etenim
2480 1716 2499 1747 ,
2572 1681 2711 1732 non
2780 1666 3056 1734 tantum
3116 1659 3289 1734 mihi
3337 1659 3713 1736 dicendum
3764 1667 3874 1734 est
3926 1655 4141 1734 corain

1095 1781 1524 1855 Auditorum
1591 1802 1840 1853 corona
1863 1835 1884 1866 ,
1957 1801 2098 1875 qua
2149 1800 2511 1874 nunquam
2560 1778 2787 1854 adhuc
2838 1778 3181 1853 allocutus
3240 1803 3397 1854 sum
3454 1778 3942 1866 illustriorem3
4012 1802 4139 1853 non

1092 1893 1374 1974 tantum
1428 1898 1636 1972 verba
1682 1895 1856 1972 mihi
1903 1881 2217 1970 sermone
2259 1896 2574 1972 facienda
2616 1906 2782 1979 sun-t
2806 1957 2826 1988 ,
2877 1924 3017 1973 non
3066 1899 3355 1998 quidem
3402 1898 3713 1974 obsoleto
3736 1957 3757 1986 ,
3807 1907 3882 1973 at
3922 1906 4137 1972 tamen

1090 2019 1406 2093 insueto:
1478 2041 1616 2092 non
1689 2023 1964 2091 tantum
2039 2040 2294 2090 munus
2348 2017 2520 2090 mihi
2572 2027 2680 2092 est
2729 2019 3292 2118 suscipiendum,
3362 2043 3503 2117 quo
3552 2016 3831 2116 gravius
3877 2017 4139 2090 nullum

1092 2138 1406 2237 profecto
1469 2136 1671 2225 novi3
1742 2159 1880 2210 non
1949 2141 2223 2215 tantum
2295 2136 2597 2236 denique
2651 2164 2828 2214 nova
2872 2139 3053 2214 vitae
3101 2136 3429 2240 periodus
3476 2135 3911 2236 incipienda,
3960 2145 4139 2236 post·

1096 2280 1311 2356 quam
1380 2280 1505 2356 per
1571 2262 1870 2354 quatuor
1937 2263 2009 2328 et
2081 2253 2271 2353 quod
2340 2257 2642 2353 excurrit
2703 2258 2923 2334 lustra
2994 2259 3065 2332 in
3132 2282 3322 2332 sacro
3368 2256 3715 2334 Ecclesiae
3769 2254 4140 2332 ministerio

1085 2402 1332 2452 omnes
1407 2376 1624 2450 animi
1689 2373 2131 2477 corporisque
2200 2375 2379 2450 vires
2450 2376 2762 2465 intendi,
2837 2402 3235 2476 novumque
3308 2378 3441 2451 iter
3511 2375 3979 2452 inchoandum
4040 2382 4141 2448 est

1084 2496 1308 2585 mihi,
1377 2494 1568 2571 haud
1633 2495 1808 2570 adeo
1880 2493 2086 2593 longe
2157 2493 2246 2569 ab
2315 2495 2437 2569 illa
2507 2503 2733 2570 aetate
2795 2507 3063 2572 remoto
3084 2554 3105 2586 ,
3166 2523 3306 2596 qua
3360 2497 3478 2572 alii
3526 2497 3615 2572 de
3668 2495 3838 2570 velis
3882 2503 4138 2570 contra-

1089 2616 1341 2691 hendis
1406 2615 1714 2714 cogitare
1784 2612 2164 2713 incipiunt:
2237 2615 2406 2704 sed,
2480 2616 2670 2714 quod
2739 2616 3027 2692 fortasse
3075 2640 3317 2691 omnes
3365 2617 3490 2692 has
3538 2616 3981 2690 difficultates
4026 2639 4136 2688 su-

1079 2761 1318 2836 perare
1364 2735 1789 2810 censendum
1846 2743 1955 2808 est
1979 2791 2000 2822 ,
2048 2734 2542 2832 gravissimum
2591 2736 2954 2835 aggredior
3002 2761 3256 2811 munus
3306 2737 3379 2812 in
3425 2759 3658 2810 rerum
3706 2741 3919 2833 atque
3964 2741 4134 2808 tem·

1083 2881 1334 2956 porum
1404 2864 1596 2930 statu
1617 2912 1638 2943 ,
1711 2879 1850 2952 quo
1920 2853 2112 2928 haud
2177 2851 2317 2928 scio
2382 2879 2471 2929 an
2526 2879 2837 2954 unquam
2888 2855 3226 2930 difficilior
3277 2853 3624 2931 Ecclesiae
3668 2861 3883 2952 atque
3932 2852 4132 2928 disci-

1081 2976 1308 3075 plinae
1382 2973 1840 3073 Theologicae
1908 2971 2268 3047 exstiterit.
2374 2976 2589 3054 Quod
2655 2999 2745 3050 ne
2806 2975 2905 3051 ita
2974 2974 3324 3075 accipiatis
3392 2975 3593 3051 velim
3617 3034 3638 3065 ,
3708 3000 3790 3049 ac
3854 2974 3917 3049 si
3962 2972 4136 3048 inter

1087 3096 1268 3168 istos
1312 3094 1646 3193 temporis
1690 3092 1827 3167 acti
1869 3092 2260 3167 laudatores
2305 3094 2436 3169 sim
2492 3098 2953 3171 recensendus
2974 3156 2995 3185 ,
3045 3095 3170 3194 qui
3211 3120 3387 3172 nova
3432 3094 3796 3196 quaepiam
3818 3153 3839 3183 ,
3884 3094 4135 3193 quippe

1093 3237 1311 3302 nova,
1385 3211 1800 3313 repudiant,
1871 3212 2158 3310 antiqua
2227 3237 2385 3289 vero
2406 3273 2427 3304 ,
2502 3216 2667 3314 quia
2733 3218 3020 3316 antiqua
3044 3275 3063 3306 ,
3133 3214 3460 3289 omnibus
3523 3213 3786 3288 viribus
3855 3222 4133 3311 totoque

1093 3334 1299 3409 corde
1343 3332 1750 3415 defendunt.
1852 3331 2068 3410 Quod
2113 3356 2352 3407 verum
2397 3346 2467 3409 et
2522 3337 2812 3425 decens,
2860 3336 2937 3411 id
2990 3338 3191 3410 unice
3238 3358 3405 3409 curo
3451 3342 3523 3409 et
3568 3357 3737 3432 rogo
3760 3390 3780 3421 ,
3832 3340 3901 3405 et
3950 3338 4133 3405 totus

1089 3454 1164 3528 in
1221 3453 1391 3544 hoc,
1465 3452 1523 3526 si
1570 3452 1881 3528 nondum
1934 3476 2090 3526 sum
2115 3511 2136 3540 ,
2187 3453 2432 3528 saltem
2482 3454 2553 3530 in
2606 3456 2755 3531 dies
2803 3456 3025 3556 magis
3054 3478 3231 3537 ,esse
3278 3455 3547 3529 studeo.
3650 3454 3855 3531 Quae
3904 3460 4132 3525 nostra

977 3568 985 3579 ’
1094 3580 1286 3647 aetas
1347 3570 1763 3670 Theologiae
1834 3569 2117 3644 meliora
2183 3570 2515 3661 adduxit,
2586 3598 3025 3673 nequaquam
3100 3582 3466 3664 contemno
3490 3632 3511 3661 ,
3582 3573 3792 3647 laudo
3861 3571 4089 3671 potius
4110 3626 4129 3657 ‚

1087 3716 1308 3792 eaque
1361 3717 1633 3792 semper
1677 3690 1918 3791 augeri
1969 3699 2182 3789 atque
2229 3691 2671 3791 multiplicari
2720 3716 2933 3792 quam
2981 3691 3579 3769 vehementissime
3628 3692 3853 3791 cupio.
3934 3690 4131 3763 Idem

1084 3836 1246 3887 vero
1333 3835 1430 3886 nu
1465 3834 1568 3885 nus
1653 3809 1944 3898 dubito,
2024 3834 2183 3885 cum
2256 3810 2702 3886 dilectissimo
2773 3822 3211 3912 praeceptore
3282 3835 3685 3889 comminuo
3762 3808 4128 3909 conqueri:

1092 3932 1294 4007 avide
1361 3956 1572 4030 quam
1626 3930 1902 4005 difficile
1957 3936 2171 4028 atque
2220 3929 2519 4005 arduum
2568 3932 2917 4031 Theologo
2962 3934 3054 4006 sit
3102 3933 3333 4032 ipsum
3384 3935 3670 4029 biforme
3718 3930 3848 4005 hoc
3896 3954 4129 4004 saecu-

1090 4052 1324 4139 ulum3
1399 4077 1539 4150 quo
1616 4075 1758 4126 uno
1803 4075 1941 4125 non
1988 4051 2291 4124 multum
2341 4049 2577 4140 abest,
2648 4051 2817 4149 quin
2870 4053 3010 4126 duo
3058 4051 3331 4128 diversa
3382 4053 3693 4139 saecula,
3746 4074 3983 4125 secum
4024 4047 4127 4121 in·

1092 4170 1353 4243 avicem
1421 4171 1882 4245 concertantia
1904 4228 1924 4257 ,
1992 4170 2327 4244 contineri
2396 4169 2825 4247 videantur.''
2856 4174 2913 4263 ¹)
3006 4172 3235 4245 Nemo
3306 4172 3547 4247 saltem
3573 4230 3594 4260 ‚
3663 4170 3907 4270 opinor
3930 4228 3951 4257 ,
4003 4167 4129 4241 hac

1083 4295 1319 4362 nostra
1384 4297 1608 4363 aetate
1684 4289 1756 4363 in
1827 4288 2252 4363 celeberrimi
2323 4314 2817 4365 wnnmsrnnsn
2868 4293 3279 4367 sententiam
3328 4292 3757 4365 discessurus
3800 4298 3946 4377 est,
3996 4286 4127 4360 Ec·

1085 4408 1330 4484 clesiae
1398 4407 1698 4482 ministri
1762 4432 2020 4483 munus
2093 4409 2314 4483 multo
2370 4408 2717 4485 difficilius
2762 4390 3053 4486 dicentis
3078 4472 3097 4501 ,
3164 4436 3403 4511 quam1
3429 4408 3915 4485 Universitatis
3966 4408 4126 4481 doc·

1081 4529 1249 4603 toris
1269 4586 1288 4617 ,
1355 4528 1454 4624 ita
1499 4534 1622 4616 ut,
1691 4528 1814 4625 qui
1864 4526 1954 4603 ad
2004 4528 2134 4603 hoc
2179 4528 2268 4603 ab
2320 4528 2439 4603 illo
2494 4539 2880 4620 vocaretur,
2952 4532 3438 4631 gravissimum
3478 4554 3657 4604 onus
3705 4554 3832 4627 pro
3875 4526 4129 4602 leviore

1163 4792 1211 4872 ¹)
1280 4792 1522 4851 Chartae
1567 4790 1772 4849 meoli·
1815 4790 1864 4851 Ι.
1907 4810 1963 4869 p.
2007 4794 2065 4849 6.
