4728 5991
1836 557 2399 628 ORATIO.
3518 562 3650 631 153

602 773 778 832 artem
829 765 1206 830 obstetricium
1254 765 1608 834 factitaverat
1622 812 1639 841 ,
1695 767 1938 850 primum
1985 768 2242 831 Harlemi
2280 765 2535 831 Lectoris
2572 766 2736 828 titulo
2753 812 2771 842 ,
2810 768 3010 832 deinde
3048 771 3369 850 Groningae
3384 815 3401 844 ,
3442 771 3654 852 profes·
3756 837 3765 848 .

600 871 746 934 soria
803 869 1080 949 dignitate
1135 875 1362 932 ornatus
1381 914 1398 942 ,
1453 889 1569 931 non
1621 873 1840 932 tantum
1891 875 2188 933 anatomen
2232 876 2290 932 et
2327 868 2729 952 physiologiam
2747 915 2764 944 ,
2820 871 2919 932 sed
2960 871 3297 951 chirurgiam
3334 892 3552 953 quoque
3592 878 3652 935 et

598 972 1008 1048 obstetricium,
1069 972 1202 1034 inde
1256 971 1330 1034 ab
1385 992 1532 1034 anno
1586 976 1743 1034 1811
1803 993 1976 1054 usque
2031 972 2106 1035 ad
2162 977 2318 1034 1828
2340 1017 2358 1047 ,
2414 993 2525 1054 quo
2584 972 2699 1034 vita
2746 973 2938 1048 cessit,
2994 973 3218 1052 egregie
3256 974 3463 1036 docuit.
3544 976 3653 1036 Vir

599 1074 707 1136 fuit
760 1074 980 1136 eximiis
1027 1073 1243 1152 ingenii
1283 1074 1562 1154 culmique
1601 1073 1824 1137 dotibus
1863 1095 1977 1136 non
2017 1074 2200 1138 minus
2241 1095 2409 1156 quam
2448 1073 2757 1138 eruditione
2796 1077 3105 1156 praeclarus
3124 1122 3140 1150 ,
3197 1084 3427 1138 naturae
3464 1078 3653 1139 obser·

497 1245 506 1252 ,
602 1181 762 1239 vator
799 1181 966 1255 atque
1004 1180 1276 1268 scrutator
1317 1176 1554 1254 diligens
1593 1181 1652 1238 et
1691 1176 1998 1240 indefessus
2011 1223 2028 1252 ,
2069 1177 2309 1259 scriptor
2349 1181 2541 1239 acutus
2578 1183 2636 1240 et
2669 1177 2992 1241 concinnus.
3073 1179 3165 1241 Of.
3199 1183 3437 1240 sanam
3470 1197 3653 1241 snou-

601 1295 740 1340 wsn
794 1278 990 1339 Oratio
1045 1279 1264 1360 publice
1317 1279 1468 1340 dicta
1519 1277 1611 1340 die
1656 1295 1726 1339 11
1783 1277 2048 1340 Octobris
2096 1294 2492 1340 uneccxxvnr
2510 1323 2529 1352 ,
2582 1297 2709 1340 cum
2746 1277 3083 1341 Academiae
3124 1279 3521 1358 Groninganae
3561 1299 3649 1342 re·

601 1380 820 1460 gundae
856 1400 1058 1442 munus
1099 1379 1318 1444 solenni
1357 1381 1468 1442 ritu
1509 1379 1838 1461 deponeret,
1881 1402 1937 1462 p.
1981 1385 2055 1442 19
2097 1399 2222 1460 sqq.

683 1481 763 1563 ¹²)
823 1483 984 1544 Alios
1023 1483 1264 1558 scilicet,
1325 1502 1492 1564 quam
1531 1482 1640 1544 alia
1677 1482 1750 1544 de
1791 1503 1954 1544 causa
1990 1483 2052 1544 in
2093 1482 2362 1544 Oratione
2404 1485 2885 1544 commemoratos.
2966 1483 3057 1545 cf.
3090 1501 3274 1545 urm
3313 1499 3653 1544 nnnmuasa

610 1584 812 1646 Oratio
865 1585 938 1646 de*
975 1586 1355 1664 ouras-yma
1385 1585 1722 1648 nostratium
1757 1585 2008 1646 laudibus
2022 1631 2040 1660 ,
2081 1585 2305 1663 optimis
2335 1585 2653 1646 excolendae
2686 1585 2836 1645 artie
2869 1584 3219 1661 chirurgicus
3250 1585 3619 1647 incitamentis
3634 1628 3651 1658 ,

605 1685 799 1748 habita
852 1686 1176 1765 Groningae
1190 1733 1207 1762 ,
1260 1708 1315 1748 a.
1360 1690 1540 1749 1819.
1619 1685 1810 1766 Ipsum
1863 1685 2020 1746 illum
2073 1701 2531 1746 naunmxszmu
2552 1730 2567 1758 ,
2626 1704 2795 1746 unum
2850 1706 2921 1748 ex
2970 1687 3195 1769 optimis
3242 1688 3409 1749 tuisse
3447 1688 3657 1770 patriae

607 1787 910 1866 chirurgia,
989 1809 1096 1850 nec
1161 1789 1346 1852 minus
1405 1787 1767 1850 Academiam
1829 1787 2249 1865 Groninganam
2307 1806 2564 1860 ornasse,
2628 1807 2795 1868 quam
2856 1805 2979 1850 no.
3039 1805 3215 1851 coen,
3277 1808 3653 1865 anonasmu,

607 1896 1016 1972 praeceptorem
1078 1891 1214 1953 olim
1273 1890 1414 1952 mihi
1473 1888 1892 1952 dilectissimum
1907 1935 1924 1964 ,
1987 1889 2308 1967 chirurgum
2364 1888 2503 1951 item
2562 1888 2955 1952 dexterrimum
2970 1935 2987 1964 ,
3052 1891 3621 1970 Lngdnno·Batavam
3637 1937 3654 1968 ,

607 1993 702 2056 vix
755 2000 842 2054 est
893 1993 1040 2074 quod
1097 2011 1441 2055 moneamus.
1533 1993 1710 2055 Vives
1757 1994 1966 2074 patriae
2006 1991 2316 2054 medicinae
2355 1997 2591 2054 statores
2604 2037 2622 2066 ‚
2662 1993 2723 2054 in
2766 1994 2958 2075 patriis
2996 1995 3447 2058 universitatibus
3484 1995 3657 2057 infor·

608 2101 786 2156 matos
799 2139 816 2168 ,
875 2114 1106 2156 numero
1158 2095 1493 2177 permultos,
1553 2095 1766 2156 meritis
1824 2097 2134 2177 praeclaros
2149 2141 2165 2169 ,
2219 2100 2283 2157 ut
2319 2094 2662 2173 singulorum
2701 2095 3004 2158 modestiae
3043 2115 3323 2176 parcerem
3339 2143 3357 2172 ,
3398 2097 3661 2159 omitten-

608 2196 712 2260 dos
749 2215 872 2258 esse
911 2197 1122 2259 censui.

689 2297 772 2376 ⁸⁸)
831 2299 994 2360 Haec
1051 2298 1202 2360 dicta
1259 2303 1424 2372 sunt,
1487 2317 1678 2359 eorum
1737 2297 1932 2360 habita
1991 2299 2204 2360 ratione
2225 2343 2241 2370 ,
2301 2318 2444 2378 quae
2492 2317 2672 2379 nuper
2724 2296 3041 2360 audiveram
3094 2301 3165 2360 ab
3204 2299 3662 2362 aestumatissimo

611 2397 853 2479 collega,
912 2418 1042 2462 1011.
1085 2418 1208 2464 nc.
1249 2415 1374 2461 vm
1419 2415 1756 2460 oosrznzna
1771 2444 1792 2478 ‚
1845 2419 2014 2480 quum
2055 2400 2386 2462 Orationem
2419 2398 2810 2480 pronunciaret
2847 2400 2914 2460 do
2953 2400 3338 2478 Scaptio-imo,
3382 2401 3665 2462 hodiernis

612 2504 884 2581 aeozoqis
925 2509 1086 2564 cante
1123 2503 1367 2563 vitando·

691 2605 775 2681 ⁸⁸)
849 2605 1038 2666 Variis
1111 2607 1294 2666 autem
1369 2601 1432 2662 in
1505 2603 1826 2682 regionibns
1903 2605 2220 2668 etiamnunc
2280 2604 2551 2667 eiusmodi
2614 2607 2767 2684 leges
2826 2605 3045 2684 vigere,
3104 2625 3281 2687 nuper
3337 2604 3666 2668 memoravit

609 2709 686 2770 cl.
739 2725 790 2768 s.
848 2723 977 2768 vm
1031 2723 1156 2768 ma
1213 2720 1454 2767 norun
1509 2704 1569 2766 in
1619 2709 1880 2790 opusculo
1919 2706 2375 2786 legumlatoribus
2414 2707 2624 2796 nostris·
2654 2707 2727 2768 de
2764 2707 2984 2770 meliori
3020 2711 3157 2770 nota
3192 2707 3631 2770 commendando
3644 2751 3662 2782 ,

610 2810 704 2873 cui
757 2808 978 2870 titulus:
1045 2809 1256 2884 Eariqe
1297 2808 1714 2885 uededeelinffen
1751 2813 1984 2870 omtrant
2021 2808 2088 2868 de
2125 2807 2511 2892 voomagrden
2546 2813 2636 2868 tot
2673 2807 3019 2885 eet-hiim
3056 2811 3154 2870 der
3192 2809 3549 2886 bevoeqcmeid
3579 2815 3668 2870 cot

613 2911 958 2990 ruitoefeniny
995 2912 1094 2972 der
1137 2913 1543 2986 &maeel-mdc,
1583 2911 1673 2972 die
1710 2911 2084 2972 buitoeulandae
2121 2911 2396 2972 vereiscbt
2432 2910 2662 2973 worden.
2742 2909 3011 2972 Haarlem
3031 2955 3049 2986 ,
3095 2914 3275 2973 1862.

693 3013 778 3095 ⁸⁸)
840 3014 960 3076 :Le
1009 3015 1150 3094 jury
1203 3036 1240 3075 a
1289 3014 1444 3075 briae
1493 3016 1576 3077 les
1612 3014 1755 3076 lions
1796 3016 1892 3095 qui
1931 3013 2235 3075 unissaient
2273 3015 2354 3075 les
2395 3013 2649 3094 disciples
2688 3032 2797 3075 aux
2832 3013 3082 3078 maitres.
3119 3010 3133 3025 ⁶
3158 3018 3351 3077 Avant
3391 3017 3550 3074 1880
3592 3032 3669 3074 on

620 3116 843 3195 croyait
903 3116 1002 3179 des
1061 3114 1246 3178 eleves
1307 3117 1492 3179 suivre
1547 3116 1645 3179 des
1707 3135 1870 3178 cours
1925 3115 2064 3177 dans
2112 3116 2377 3198 plusieurs
2431 3116 2663 3179 13331163
2718 3121 2777 3179 et
2826 3116 3049 3179 obtenir
3101 3117 3563 3179 successivement
3614 3115 3672 3175 le

623 3219 826 3299 ngrade
851 3218 924 3281 de
957 3219 1187 3281 docteur
1220 3240 1291 3281 en
1323 3219 1504 3295 droit,
1545 3240 1616 3283 en
1648 3218 1961 3292 medecine,
2001 3238 2072 3280 en
2100 3218 2377 3293 sciences,
2414 3223 2521 3280 etc.
2556 3220 2695 3283 etc.l
2734 3218 3111 3297 Aujourd’hui
3140 3239 3250 3300 que
3280 3240 3343 3281 se
3360 3217 3669 3300 passe-t-ill’

624 3321 751 3383 :On
809 3320 999 3384 etudie
1053 3340 1124 3383 en
1181 3342 1288 3384 vue
1343 3320 1414 3382 de
1470 3321 1746 3383 l’examen
1785 3322 2089 3383 seulement
2098 3344 2119 3400 3
2162 3321 2216 3381 lc
2256 3340 2529 3383 concours
2570 3319 2951 3383 universitaire
2991 3327 3077 3383 est
3114 3320 3153 3382 ὃ
3191 3342 3297 3404 peu
3335 3321 3459 3403 pres
3500 3322 3672 3381 aban-

623 3423 846 3485 edonne
857 3447 876 3503 3
933 3426 991 3486 le
1041 3429 1225 3505 temps
1279 3422 1420 3503 qu'il
1471 3424 1714 3485 reclame
1751 3424 1850 3485 des
1889 3428 2246 3485 concurrente
2284 3429 2371 3485 est
2410 3422 2645 3502 regarde
2684 3444 2898 3486 comme
2940 3424 3143 3505 perdu;
3197 3426 3278 3487 les
3315 3423 3498 3487 eleves
3536 3422 3671 3483 s'in·

627 3523 908 3606 :quietent
949 3524 1380 3587 mediocrement
1419 3524 1490 3587 de
1530 3526 1590 3586 la
1627 3526 1844 3587 science
1857 3550 1878 3605 3
1921 3527 1976 3587 le
2016 3525 2286 3608 diplssme.
2331 3525 2451 3587 rien
2486 3546 2595 3606 que
2632 3526 2687 3585 le
2724 3524 2969 3606 diplome
2983 3570 2999 3599 ,
3045 3526 3194 3589 voila
3228 3528 3283 3587 13
3316 3528 3467 3587 33313
3502 3526 3672 3585 chose

627 3626 829 3707 edigne
891 3628 962 3689 de
1021 3630 1170 3689 leurs
1227 3626 1442 3701 efforts,
1505 3633 1565 3690 et
1627 3647 1691 3690 ce
1751 3628 1994 3710 dipldme
2049 3630 2120 3690 ils
2175 3628 2404 3695 tachent
2456 3627 2527 3689 de
2578 3626 2845 3688 l’obtenir
2902 3647 3037 3689 avec
3090 3628 3147 3687 la
3201 3626 3456 3687 moindre
3508 3626 3673 3707 peine

628 3730 966 3812 opossibless’

709 3833 891 3894 ‚Quoi
929 3834 1016 3893 est
1053 3829 1251 3910 l'objet
1289 3828 1387 3891 des
1424 3831 1621 3894 hauteu
1661 3831 1894 3894 etudesi’
1957 3830 2114 3893 O’est
2151 3835 2206 3894 13
2246 3834 2459 3894 culture
2496 3830 2569 3891 de
2606 3830 2662 3890 la
2700 3828 2935 3891 science.

713 3932 1092 4015 assevelopper
1128 3931 1347 4013 l'esprit
1383 3912 1731 4013 scientiiique
1749 3977 1764 4005 ‚
1807 3934 1938 3995 telle
1977 3937 2062 3993 est
2099 3934 2154 3993 13
2194 3932 2422 3993 mission
2462 3932 2559 3992 des
2598 3930 2946 3994 universites.

713 4035 904 4097 »O’est
955 4036 1014 4095 13
1063 4033 1244 4117 pierre
1281 4033 1352 4096 de
1391 4033 1594 4096 touche
1635 4033 1672 4095 ὃ.
1713 4036 1949 4115 laquelle
1981 4054 2058 4095 on
2099 4037 2230 4116 peut
2271 4044 2329 4095 et
2368 4054 2445 4094 on
2484 4032 2605 4095 doit
2633 4034 2804 4112 juger
2842 4039 2966 4097 tout
3004 4030 3246 4113 systema
3282 4031 3675 4095 d’instruotion

631 4136 996 4219 nsupen’eure.
1076 4136 1453 4199 Faveria-bil
1468 4180 1484 4210 ,
1539 4134 1954 4219 developpetil
2003 4136 2060 4197 le
2111 4134 2254 4213 gout
2293 4134 2366 4197 de
2407 4135 2460 4197 la
2504 4135 2758 4197 scienoe?
2810 4136 2865 4197 n
2905 4140 2993 4199 est
3032 4136 3149 4199 bon
3163 4180 3179 4209 ,
3237 4135 3282 4197 il
3322 4134 3441 4199 saut
3479 4157 3518 4217 y
3556 4156 3678 4219 per·

636 4239 850 4303 nister.
931 4240 1025 4313 Si,
1081 4258 1152 4301 au
1205 4238 1507 4312 contraire,
1563 4236 1782 4320 l'esprit
1831 4236 2176 4317 scicntifique
2213 4256 2275 4297 33
2313 4234 2483 4319 perd,
2540 4235 2591 4297 si
2628 4237 2687 4297 13
2724 4236 2943 4299 scienoe
2982 4240 3069 4299 est
3108 4235 3417 4317 d6daign60
3433 4284 3449 4312 ,
3491 4238 3679 4299 hatoa-

638 4364 808 4405 evous
865 4342 938 4405 de
996 4340 1252 4424 repudier
1303 4344 1360 4403 le
1411 4339 1682 4420 systeme‚
1741 4360 1835 4401 ear
1887 4339 1932 4400 il
1985 4345 2329 4422 compromet
2382 4337 2618 4401 l'avenir
2654 4340 2993 4403 intellectuel
3030 4340 3105 4402 du
3145 4360 3300 4423 pays.
3381 4341 3475 4402 Eh
3516 4340 3679 4401 bien!

640 4446 752 4507 etei
803 4450 888 4507 est
939 4446 994 4507 le
1047 4444 1266 4507 funeste
1319 4440 1552 4505 resultat
1603 4443 1680 4505 du
1733 4440 1973 4521 systeme
2026 4440 2124 4523 qni
2163 4462 2198 4503 a
2237 4440 2330 4504 6t6
2372 4441 2517 4504 snivi
2556 4460 2627 4504 en
2666 4442 2937 4524 Belgique
2976 4441 3173 4526 depuis
3219 4447 3398 4506 1885.
3478 4442 3565 4503 La
3601 4442 3681 4503 loi

640 4546 746 4609 ede
787 4551 943 4609 1849
985 4568 1024 4609 n
1026 4548 1086 4626 'y
1125 4567 1160 4608 a
1198 4546 1318 4608 rien
1359 4545 1637 4624 change-’³
1765 4550 1772 4557 “
2634 4581 2647 4595 ι

721 4650 920 4711 ’1)3ιιι
976 4647 1244 4728 systemes
1301 4648 1359 4709 d’
1362 4668 1593 4711 namen
1647 4653 1750 4709 ont
1801 4645 1922 4725 regi
1975 4646 2032 4707 la
2084 4586 2358 4725 Belgique
2410 4644 2601 4727 depuis
2654 4665 2731 4726 qu
2730 4644 2857 4707 ’3113
2903 4641 3135 4727 possede
3174 4642 3272 4705 des
3312 4642 3681 4705 Universites.

643 4755 733 4814 »A
787 4752 962 4833 partit
1013 4751 1086 4814 de
1143 4752 1298 4815 1817
1353 4748 1616 4832 jusqu'en
1667 4752 1858 4823 1885,
1898 4750 1982 4810 les
2023 4746 2256 4810 iacultes
2295 4746 2395 4810 des
2433 4746 2784 4811 Universites
2820 4745 2895 4807 de
2934 4732 3120 4808 l’Etat
3159 4745 3378 4808 avaient
3412 4745 3591 4807 seules
3626 4748 3685 4807 le

3241 4845 3336 4917 20
