4728 5991
1045 579 1177 646 118
2226 577 2307 645 G.
2379 577 2915 660 1.LONCQ

1044 795 1284 864 autem
1354 788 1429 862 in
1506 786 1661 861 aliis
1728 784 2186 860 institutionis
2251 785 2572 885 partibus
2640 810 2778 860 non
2843 782 3306 884 exspectabile
3379 785 3663 883 quidem
3686 843 3707 874 ,
3781 792 4094 861 attamen

1046 906 1413 1008 cogitabile
1460 907 1638 980 duco
1661 964 1681 993 ,
1731 905 1802 978 in
1849 905 2130 994 clinica,
2182 929 2398 1003 quam
2440 912 2730 995 vocant,
2777 930 2867 979 ne
2907 903 3198 1002 cogitari
3239 902 3524 1002 quidem
3563 911 3812 1003 potest.
3862 908 4092 980 Erunt

1047 1027 1335 1103 fortasse
1355 1085 1376 1115 ,
1445 1026 1569 1126 qui
1634 1024 2175 1123 multiplicandis
2226 1023 2488 1099 clinicis
2509 1082 2530 1112 ,
2600 1024 2724 1123 qui
2779 1022 3226 1123 seiungendis
3267 1029 3340 1097 et
3389 1048 3548 1097 vero
3590 1024 4091 1100 distribuendis

1048 1146 1427 1221 medicinae
1491 1145 1819 1220 studiosis
1884 1146 2059 1221 effici
2118 1169 2319 1244 posse
2381 1152 2750 1231 censeant,
2822 1153 2900 1217 ut
2947 1142 3240 1243 singulis
3293 1145 3900 1220 exercitationibus
3951 1170 4092 1221 non

1045 1265 1279 1365 plures
1323 1266 1683 1353 intersint,
1736 1289 1945 1363 quam
1994 1265 2215 1363 spatia
2258 1264 2564 1338 locorum
2615 1273 2690 1337 et
2737 1289 2896 1339 vero
2931 1286 3094 1337 cum
3133 1262 3584 1351 observandi,
3635 1274 3788 1339 tum
3833 1266 4092 1340 exami-

1046 1384 1263 1459 nandi
1334 1392 1406 1458 et
1470 1409 1675 1483 opem
1743 1383 2009 1458 ferendi
2068 1383 2440 1457 necessitas
2511 1382 2764 1457 sinant.
2861 1384 2964 1457 At
3022 1382 3326 1480 primum
3383 1382 3754 1458 ridiculum
3801 1393 3912 1459 est
3967 1386 4090 1461 ad·

1046 1504 1324 1579 mittere
1346 1564 1367 1593 ,
1435 1513 1539 1579 tot
1602 1504 1847 1579 clinica
1908 1504 2052 1578 sive
2116 1504 2374 1577 Leidae
2426 1502 2566 1575 sive
2617 1502 2914 1576 Traiecti
2965 1500 3203 1575 haberi
3251 1524 3492 1598 posse,
3544 1511 3718 1601 quot
3762 1503 3857 1579 ad
3907 1504 4090 1578 ordi·

1046 1649 1208 1699 nem
1274 1624 1482 1699 modo
1550 1624 1980 1723 propositum
2048 1622 2329 1696 omnino
2390 1622 2925 1721 postularentur.
3027 1620 3212 1693 Tum
3256 1644 3450 1709 vero,
3500 1621 3914 1711 Auditores,
3966 1630 4092 1700 aut

1045 1744 1244 1820 fallor
1304 1744 1663 1843 equidem,
1739 1752 1863 1818 aut
1937 1742 2337 1816 distributio
2405 1743 2540 1816 ista
2600 1742 2901 1817 libertati
2965 1741 3144 1815 foret
3213 1740 3642 1815 academicae
3707 1744 4086 1833 contraria,

1047 1864 1307 1963 quippe
1355 1864 1470 1938 cui
1513 1863 1641 1937 hoc
1685 1862 2041 1961 proprium
2086 1862 2214 1950 sit,
2270 1869 2349 1934 ut
2401 1862 2672 1935 discant
2726 1862 2850 1961 qui
2900 1860 3154 1947 velint,
3204 1884 3384 1958 quae
3435 1860 3686 1948 velint,
3737 1887 3780 1935 a
3829 1862 4086 1960 quibus

1047 1983 1279 2057 velint.
1380 1984 1641 2058 Ponam
1652 2008 1732 2056 us
1794 1990 2031 2057 autem
2054 2040 2074 2069 ,
2149 1982 2358 2055 vastis
2426 1983 2796 2057 exstructis
2851 1982 2925 2053 in
2985 1981 3316 2054 alterutra
3361 1979 3639 2054 civitate
3679 1982 4088 2057 nosocomiis

1043 2103 1271 2202 iisque
1312 2103 1489 2177 mira
1536 2102 2043 2202 aegrotantium
2084 2109 2356 2176 caterva
2399 2101 2680 2201 repletis
2699 2160 2719 2189 ‚
2769 2102 2868 2175 ita
2905 2124 3052 2175 rem
3095 2099 3482 2173 ordinatam
3529 2124 3720 2189 esse,
3761 2110 3846 2175 ut
3883 2100 4086 2176 liber·

1048 2222 1210 2297 tatis
1259 2222 1791 2321 negligentiores
1840 2222 2267 2296 diversorum
2312 2222 2718 2296 clinicorum
2768 2218 3324 2297 institutionibus
3365 2218 3756 2294 alternatim
3799 2227 4090 2295 utantur

1044 2340 1361 2417 studiosi.
1464 2341 1660 2420 Quid
1725 2340 2041 2415 accidet?
2128 2338 2488 2438 Siquando
2537 2338 2828 2437 singuli,
2882 2363 3057 2437 quos
3099 2348 3527 2436 sequantur,
3575 2339 3803 2413 clinici
3844 2340 3953 2414 vel
4001 2366 4088 2415 ex

1044 2461 1284 2536 eadem
1340 2461 1588 2536 Schola
1631 2460 2011 2560 prodierint
2028 2519 2049 2549 ,
2102 2459 2211 2533 vel
2252 2468 2436 2533 certe
2487 2460 2586 2533 ita
2637 2460 2818 2533 inter
2865 2482 2940 2532 se
2985 2458 3430 2547 conveniant,
3471 2468 3566 2533 ut
3617 2457 3865 2533 iisdem
3905 2484 4086 2533 mor·

1044 2580 1155 2655 bis
1224 2581 1517 2655 eandem
1578 2606 1815 2655 curam
1896 2579 2316 2668 adhibeant,
2389 2579 2598 2655 fortes
2653 2590 2726 2655 et
2769 2586 3164 2654 constantes
3207 2577 3768 2654 informabuntur
3811 2578 4086 2656 medici.

1040 2701 1143 2775 At
1206 2725 1328 2775 vae
1383 2700 1519 2775 illis
1538 2759 1559 2789 ,
1632 2701 1693 2775 si
1744 2708 1941 2775 tanta
1982 2700 2073 2773 sit
2114 2699 2579 2797 professorum
2630 2697 3129 2798 discrepantia,
3179 2704 3298 2786 ut,
3347 2698 3541 2796 quod
3593 2722 3808 2773 onus
3849 2721 4088 2773 verum

1044 2818 1298 2895 habeat
1320 2877 1341 2907 ,
1411 2845 1456 2893 a
1516 2841 1715 2893 ‘rrrro
1775 2827 2106 2919 negetur,
2181 2819 2373 2917 quod
2423 2819 2534 2893 hic
2581 2820 2916 2907 affirmet,
2963 2819 3078 2893 ille
3124 2817 3424 2895 dubitet.
3525 2818 3825 2918 Sceptici
3873 2819 4086 2908 fient,

1041 2939 1116 3014 in
1180 2946 1327 3014 arte
1392 2938 1677 3014 salutari
1741 2940 1945 3039 longe
2018 2939 2243 3038 magis
2297 2962 2511 3038 quam
2563 2940 2636 3013 in
2690 2938 3038 3037 theologia
3085 2938 3453 3038 periculosi
3493 2940 3618 3032 ⁸⁸).
3717 2938 4087 3037 Principiis

1046 3065 1357 3133 carentes
1405 3058 1479 3133 in
1530 3059 1755 3158 aegris
1806 3058 2129 3134 curandis
2180 3082 2451 3160 semper
2497 3058 2977 3148 haesitabunt,
3029 3059 3100 3132 in
3147 3058 3576 3158 gravioribus
3615 3066 3854 3133 autem
3901 3083 4084 3136 mor·

1045 3177 1157 3252 bis
1223 3177 1457 3254 animo
1524 3202 1713 3254 nunc
1778 3179 1953 3268 huc,
2017 3204 2206 3255 nunc
2255 3178 2420 3252 illuc
2467 3178 2919 3269 fluctuantes,
2977 3178 3084 3252 vel
3121 3179 3310 3278 turpi
3351 3178 3774 3278 negligentia
3819 3177 3932 3253 vel
3977 3178 4084 3254 in·

1046 3299 1459 3397 tempestiva
1522 3307 1593 3373 et
1656 3309 2093 3398 praepostera
2156 3301 2445 3376 audacia
2509 3326 2648 3375 non
2711 3325 2865 3375 raro
2913 3309 3203 3376 mortem
3252 3301 3759 3400 properabunt,
3807 3301 4084 3401 ipsique

1042 3419 1153 3492 sui
1226 3419 1481 3494 fiducia
1557 3419 1873 3494 destituti
1941 3421 2151 3497 vitam
2229 3422 2488 3520 degent
2554 3421 3028 3496 miserrimam.
3155 3419 3283 3496 Est
3347 3445 3514 3498 sane
3576 3421 3929 3497 Medicina
3987 3421 4080 3497 ab

1041 3537 1385 3614 evidentia
1457 3540 1941 3614 mathematica
2012 3565 2222 3640 quam
2294 3541 2698 3640 longissime
2773 3550 3056 3614 remota.
3177 3541 3560 3616 Diversitas
3627 3541 4034 3640 opinionum
4056 3599 4078 3630 ,

1040 3658 1503 3734 dissensiones
1564 3670 1635 3733 et
1706 3662 2205 3736 controversiae
2268 3661 2572 3736 diversos
2639 3661 2820 3735 inter
2861 3661 3030 3736 artis
3075 3661 3424 3736 ministros
3472 3661 3788 3762 vulgares
3843 3662 4078 3761 potius

1038 3803 1251 3878 quam
1319 3805 1511 3854 rarae
1578 3787 1761 3854 sunt.
1866 3783 2069 3859 Quae
2130 3805 2293 3856 cum
2360 3781 2624 3854 tirones
2687 3781 2762 3854 in
2831 3778 3202 3854 dubitandi
3245 3780 3630 3881 periculum
3683 3781 4076 3870 adducant,

1040 3899 1567 3997 multiplicatam
1614 3899 1806 3974 illam
1854 3898 2363 3975 institutionem
2413 3899 2854 3976 vehementer
2899 3899 3222 4000 equidem
3265 3901 3604 4000 improbo.
3706 3891 4078 4000 Quidquid

1032 4016 1251 4116 igitur
1314 4026 1553 4094 contra
1618 4018 1757 4093 dici
1825 4022 2083 4118 possit,
2154 4021 2428 4096 etiamsi
2495 4019 2670 4093 nihil
2735 4019 2929 4094 aliud
2991 4029 3212 4108 esset,
3279 4030 3386 4094 est
3433 4028 3670 4095 autem
3725 4021 4073 4109 multum,

1036 4136 1229 4234 quod
1292 4139 1399 4212 vel
1460 4137 1783 4212 suaderet
1827 4139 2005 4213 illud
2047 4141 2155 4214 vel
2206 4141 2418 4216 etiam
2463 4140 2884 4240 postularet,
2939 4137 3324 4215 medicinae
3369 4139 3820 4214 vindicandae
3863 4165 4076 4216 causa

1035 4255 1349 4356 singulas
1396 4256 1765 4330 servandas
1808 4282 1961 4332 esse
2002 4258 2418 4334 Academias
2435 4319 2454 4348 ‚
2507 4283 2762 4359 magna
2812 4283 2974 4334 cum
3019 4259 3520 4334 asseveratione
3563 4260 3927 4335 contendo.

1131 4373 1397 4450 Verum
1444 4374 1633 4448 enim
1685 4400 1843 4449 vero
1890 4399 2027 4452 non
2072 4385 2345 4453 tantum
2395 4380 2768 4452 servandae
2809 4384 2974 4454 sunt
2995 4435 3016 4467 ,
3069 4378 3194 4453 sed
3231 4380 3438 4454 etiam
3483 4378 3803 4454 tuendae.
3857 4377 4073 4457 Quod

1032 4493 1173 4568 nisi
1241 4495 1402 4581 fiat,
1470 4494 1723 4567 servari
1782 4519 2063 4593 prorsus
2130 4504 2512 4596 nequeunt.
2632 4499 2882 4596 Neque
2941 4521 3096 4572 eam
3157 4498 3368 4572 modo
3430 4496 3721 4572 tutelam
3791 4505 4028 4598 specto
4049 4553 4070 4586 ,

1032 4637 1213 4713 quae
1258 4611 1747 4689 donationibus
1788 4615 2183 4690 continetur
2224 4623 2296 4690 et
2336 4616 2635 4717 pecunia
2676 4615 3268 4691 subministranda
3288 4674 3310 4704 ,
3351 4616 3872 4716 iustissimoque
3913 4641 4070 4716 pro·

1026 4731 1365 4810 fessorum
1434 4731 1709 4808 delectu
1729 4792 1751 4823 ,
1822 4735 2223 4836 nulliusque
2292 4735 2722 4812 necessitatis
2789 4759 2954 4810 cura
3009 4734 3426 4836 negligenda
3443 4793 3466 4826 ‚
3525 4735 3650 4811 sed
3705 4736 3914 4812 talem
3963 4735 4072 4812 vel
