4728 5991
1818 606 2383 675 ORATIO.
3499 610 3628 676 207

584 823 859 898 deatur.
960 821 1127 900 Qua
1190 820 1265 894 in
1332 844 1407 893 re
1472 825 1553 892 ut
1612 819 1741 894 rite
1804 817 2257 918 procedamus
2276 875 2295 906 ,
2366 815 2574 890 verbo
2622 839 3027 890 moneamus
3069 815 3157 890 de
3203 815 3634 917 Scepticismi

584 941 661 1016 in
708 941 923 1016 rebus
970 938 1375 1040 theologicis
1422 940 1815 1014 charactere
1831 997 1852 1028 ,
1920 941 2181 1039 myine
2199 997 2219 1026 ,
2286 940 2438 1012 iure
2460 994 2480 1025 ,
2536 939 2780 1030 fructu
2807 993 2826 1024 ,
2873 937 3152 1010 medeld.
3257 935 3354 1010 Ut
3401 943 3634 1011 autem

588 1061 903 1161 quinque
972 1060 1099 1136 has
1162 1058 1561 1159 argumenti
1602 1067 1838 1158 partes
1878 1057 2211 1133 indicanti
2258 1057 2481 1156 magis
2521 1081 2733 1156 quam
2774 1055 3145 1155 exponenti
3189 1055 3420 1132 faciles
3463 1056 3637 1132 mihi

588 1205 793 1256 aures
868 1179 1255 1280 praebeatis
1324 1178 1734 1278 animosque
1796 1179 1887 1253 ab
1938 1177 2265 1253 omnibus
2310 1175 2792 1274 praeiudicatis
2849 1176 3290 1276 opinionibus
3346 1201 3634 1264 vacuos,

594 1321 713 1376 vos
737 1358 757 1390 ,
808 1299 1191 1375 Auditores
1238 1297 1753 1374 Humanissimi
1774 1355 1795 1388 ,
1844 1299 2053 1374 etiam
2102 1305 2313 1396 atque
2362 1295 2568 1370 etiam
2621 1321 2808 1395 roge.

692 1776 753 1849 Ι.
840 1775 1021 1849 Cum
1107 1775 1301 1850 nullo
1352 1775 1488 1850 alio
1540 1775 1859 1850 benificio
1879 1832 1899 1864 ,
1940 1800 2096 1875 ‚quo
2144 1775 2377 1848 divina
2425 1772 2778 1872 Sapientia
2825 1781 3036 1871 atque
3085 1773 3373 1848 Bonitas
3417 1797 3642 1873 genus

598 1905 913 1970 nostrum
933 1955 953 1984 ,
1022 1904 1312 1995 peccato
1383 1895 1845 1970 miserrimum
1869 1953 1887 1984 ,
1958 1895 2163 1970 beare
2218 1894 2480 1982 voluit,
2527 1893 2958 1992 aequiparari
3003 1901 3230 1993 potest
3269 1892 3646 1968 Patefactio

594 2015 713 2090 illa
788 2015 1099 2090 veritatis
1170 2023 1383 2114 atque
1454 2013 1755 2117 gratiae,
1821 2015 1894 2088 in
1968 2015 2131 2088 Iesu
2200 2013 2481 2088 Christo
2505 2071 2524 2099 ,
2597 2011 2730 2084 Dei
2795 2010 2938 2086 filio
3007 2021 3218 2111 atque
3285 2011 3644 2086 hominum

600 2135 1064 2234 sospitatem,
1138 2143 1352 2235 atque
1416 2160 1538 2234 per
1590 2137 1773 2210 Eum
1834 2134 2035 2209 nobis
2098 2134 2363 2231 totique
2415 2133 2680 2206 mundo
2729 2156 3069 2209 concessa.
3173 2135 3408 2212 Quam
3455 2140 3646 2231 pate-

600 2253 1008 2342 factionem,
1082 2256 1401 2353 quamvis
1474 2256 1693 2332 multa
1760 2255 2151 2344 contineat,
2222 2253 2764 2328 imbecillitatem
2836 2262 3148 2328 nostram
3217 2265 3340 2328 aut
3395 2253 3647 2352 partim

598 2382 721 2448 aut
776 2375 1061 2473 penitus
1116 2376 1558 2474 superantia,
1610 2385 1843 2450 tamen
1891 2375 2225 2449 obiective
2272 2397 2504 2447 veram
2549 2395 2698 2446 esse
2721 2430 2741 2459 ,
2791 2371 3160 2470 perfectam
3186 2431 3205 2461 ,
3256 2382 3646 2462 aeternam,

601 2493 791 2568 haud
862 2494 1011 2568 sine
1084 2494 1507 2594 gravissimis
1578 2494 1805 2570 causis
1828 2552 1849 2584 ,
1916 2502 2093 2568 teste
2149 2493 2439 2567 historia
2487 2491 2702 2566 totius
2747 2493 3130 2582 Ecclesiae,
3181 2517 3450 2592 semper
3503 2519 3646 2569 cre-

603 2612 932 2690 diderunt
994 2623 1207 2712 atque
1278 2613 1743 2690 defenderunt
1794 2613 2219 2713 quicumque
2269 2611 2602 2710 Theologi
2651 2612 3028 2687 Christiani
3077 2613 3216 2688 dici
3263 2613 3647 2690 voluerunt.

606 2735 751 2814 Qui
801 2759 962 2810 vero
1008 2757 1239 2810 revera
1286 2735 1417 2812 hoc
1466 2743 1709 2810 tenent
1732 2795 1753 2824 ,
1800 2759 1941 2809 non
1990 2741 2315 2834 poterunt
2362 2757 2500 2806 non
2555 2731 2986 2831 Scepticismi
3025 2733 3304 2808 nomine
3345 2732 3652 2808 indicare

606 2855 1005 2954 opinionem
1048 2855 1323 2930 illorum
1345 2913 1366 2945 ,
1420 2856 1543 2955 qui
1592 2856 1805 2931 talem
1836 2856 2191 2932 veritatem
2213 2913 2233 2942 ,
2280 2852 2614 2927 divinitus
2641 2851 3054 2952 patefactam
3083 2877 3316 2928 revera
3334 2852 3652 2953 ‚potuisse

608 2974 899 3050 existere
923 3034 943 3063 ,
1014 2986 1141 3051 aut
1213 2975 1461 3053 saltem
1528 3002 1681 3053 eam
1739 3002 1782 3053 a
1832 2975 2035 3052 nobis
2082 2983 2269 3052 certo
2318 2974 2486 3050 satis
2535 2973 2742 3049 modo
2796 2973 3116 3073 cognosci
3165 2999 3367 3075 posse
3409 2974 3482 3049 in
3523 2973 3652 3049 du·

612 3092 809 3170 bium
876 3104 1145 3172 vocant.
1248 3096 1455 3193 Unde
1530 3096 1883 3197 sequitur,
1954 3096 2388 3195 Scepticismi
2433 3094 2714 3170 nomine
2736 3152 2757 3183 ,
2805 3095 2948 3169 sive
2995 3094 3233 3170 latiore
3277 3096 3418 3169 sive
3461 3095 3655 3173 strie-

615 3214 787 3289 tiore
834 3238 1045 3290 sensu
1066 3274 1087 3305 ,
1140 3215 1487 3316 designari
1514 3214 1948 3291 'sententiam
1972 3271 1993 3303 ,
2042 3214 2487 3313 quacumque
2537 3212 2819 3289 tandem
2875 3213 3161 3312 prodeat
3203 3213 3428 3289 forma
3447 3274 3468 3303 ,
3519 3216 3660 3315 qua

612 3333 1091 3432 patefactionis
1159 3335 1592 3412 Christianae
1668 3335 1935 3411 indoles
2008 3334 2243 3410 divina
2306 3342 2520 3434 atque
2591 3332 2925 3409 obiective
2988 3358 3146 3411 vera
3203 3344 3327 3410 aut
3377 3360 3657 3435 prorsus

616 3453 883 3528 tollitur
905 3512 925 3543 ,
1000 3464 1125 3529 aut
1175 3455 1419 3531 saltem
1464 3456 1563 3531 ita
1612 3455 2019 3555 proponitur
2040 3514 2061 3543 ,
2112 3463 2194 3529 ut
2242 3456 2470 3529 omnis
2521 3454 2766 3528 veritas
2813 3452 3132 3553 religiosa
3183 3481 3364 3530 mere
3405 3456 3660 3531 subiec-

618 3576 760 3648 tiva
832 3574 1171 3649 habeatur
1234 3575 1552 3676 adeoque
1600 3576 1769 3651 satis
1814 3575 2095 3651 incerta.
2198 3574 2470 3649 Videtis
2491 3633 2512 3664 ,
2563 3597 2676 3649 me
2726 3598 2913 3647 nunc
2958 3597 3095 3649 non
3151 3575 3225 3649 in
3271 3598 3522 3675 genere
3571 3572 3660 3647 de

620 3693 1069 3793 Scepticismo
1115 3703 1435 3771 acturum
1502 3720 1653 3771 esse
1675 3754 1694 3784 ,
1744 3696 1971 3795 qualis
2018 3720 2057 3769 e
2108 3694 2673 3795 philosophorum
2724 3693 2974 3767 scholis
3021 3694 3316 3791 prodiit,
3367 3694 3660 3768 aliorum

624 3812 983 3911 opiniones
1052 3814 1458 3914 negantium
1483 3873 1504 3904 ,
1578 3812 1703 3888 sed
1766 3815 1967 3891 unice
2014 3814 2384 3914 scepticam
2433 3822 2740 3913 spectare
2791 3815 2875 3887 de
2921 3815 3211 3887 veritate
3270 3814 3674 3887 Christiane?

622 3932 973 4031 cogitandi
1018 3932 1491 4032 loquendique
1536 3933 1897 4011 rationem.
1996 3934 2193 4012 Quid
2238 3958 2466 4007 coram
2523 3930 2714 4007 vobis
2738 3991 2758 4022 ,
2809 3931 3184 4007 Auditores
3225 3931 3662 4021 Doctissimi,
3715 4022 3726 4031 υ

625 4051 713 4125 de
782 4075 1177 4127 naimone
1244 4060 1317 4127 et
1392 4052 1819 4143 anessae,
1862 4054 1951 4129 de
2024 4076 2456 4141 cantarana,
2525 4051 2614 4127 de
2689 4074 2912 4125 snx‘ro
2966 4074 3316 4126 nurmco
3371 4050 3662 4150 aliisque

625 4171 803 4245 bene
864 4172 1106 4247 multis
1153 4172 1377 4249 dicam
1400 4232 1421 4263 ,
1484 4197 1756 4271 semper
1804 4172 2059 4273 paratis
2112 4180 2183 4246 et
2225 4172 2460 4272 pronis
2498 4170 2594 4247 ad
2637 4171 3200 4270 Dogmatismum
3243 4172 3661 4271 impugnan-

626 4288 795 4364 dum
826 4349 846 4378 ,
894 4314 1035 4365 non
1091 4290 1266 4366 adeo
1308 4299 1435 4382 ut,
1488 4292 1679 4390 quod
1728 4293 1868 4367 iam
1917 4316 2225 4369 ruamus
2269 4292 2693 4381 observavit,
2751 4291 3058 4391 nquique
3085 4292 3274 4391 ‹quid
3320 4294 3463 4391 ipsi
3511 4317 3663 4367 sen-

628 4408 839 4484 tirent
878 4410 1363 4499 ostenderent,
1420 4413 1545 4486 sed
1596 4411 2031 4512 disputarent
2072 4413 2306 4513 potius
2350 4421 2593 4487 eontra
2635 4412 2708 4485 id
2733 4472 2752 4501 ,
2800 4413 2994 4511 >quod
3041 4413 3338 4513 quisque
3389 4438 3464 4487 se
3513 4436 3667 4487 sen·

630 4528 761 4603 tire
832 4532 1189 4607 dioeiaeetss’
1292 4531 1627 4606 Ethnicos
1692 4531 2135 4631 philosophos
2184 4534 2431 4608 missos
2481 4532 2851 4623 faciamus3
2925 4533 3012 4607 de
3055 4532 3256 4608 nobis
3302 4531 3668 4631 Theologis
3794 4592 3798 4596 .

632 4648 1025 4724 christianis
1087 4650 1227 4725 iam
1288 4674 1513 4725 sermo
1558 4659 1706 4739 est,
1756 4652 1923 4750 qui,
1972 4678 2015 4727 a
2063 4654 2339 4728 nemine
2390 4654 2645 4743 coacti,
2695 4652 3095 4729 continuare
3141 4677 3302 4727 mox
3351 4651 3670 4727 volumus

634 4771 825 4868 quod
886 4772 1027 4847 iam
1074 4780 1238 4848 ante
1282 4772 1554 4848 saecula
1594 4772 2003 4873 inceperunt
2047 4772 2404 4873 Apostoli,
2457 4772 2925 4847 testimonium
2973 4796 3066 4848 sc.
3111 4771 3199 4846 de
3249 4770 3409 4844 Vita
3455 4778 3671 4869 atque
