4728 5991
1810 605 2371 676 ORATIO.
3476 607 3605 676 119

553 814 896 902 maxime,
943 837 1086 912 qua
1135 812 1445 888 studiosa
1493 813 1820 889 iuventus
1859 839 2020 890 cum
2070 813 2450 903 alliciatur,
2500 821 2651 888 tum
2702 813 3075 904 invitetur,
3122 814 3398 890 omissis
3445 815 3601 914 qui-

554 934 690 1010 bus
763 933 1155 1033 repellatur.
1274 932 1502 1033 Leges
1572 933 2021 1033 obligatoriae
2041 993 2062 1024 ,
2128 934 2387 1033 quibus
2470 935 2561 1008 ad
2630 934 3091 1010 academicam
3164 934 3601 1035 disciplinam

556 1063 895 1156 cogantur
942 1053 1194 1130 medici
1238 1052 1492 1142 futuri,
1558 1053 1898 1130 libertatis
1944 1054 2298 1155 principiis
2355 1053 2701 1160 adversari
2754 1055 3075 1129 videntur
3124 1056 3249 1147 ⁸⁰).
3350 1056 3601 1154 Neque

555 1183 792 1253 autem
857 1174 944 1248 iis
1005 1197 1184 1272 opus
1237 1183 1383 1261 est,
1445 1172 1845 1249 Auditores.
1945 1174 2346 1248 Dummodo
2392 1174 2825 1249 vindicentur
2871 1173 3401 1248 Academiarum
3448 1173 3603 1248 iura

555 1305 626 1372 et
698 1293 1092 1394 privilegia,
1162 1292 1545 1367 dummodo
1609 1293 2040 1369 abstineatur
2096 1296 2186 1370 ab
2236 1296 2362 1384 iis,
2414 1321 2593 1394 quae
2638 1294 2801 1370 novi
2844 1295 3155 1368 homines
3202 1294 3597 1369 machin‘an·

556 1423 712 1502 tur,
777 1413 1050 1490 nullum
1113 1411 1442 1488 dubium.
1519 1412 1692 1511 quin
1759 1422 1829 1487 et
1877 1415 2116 1490 florere
2175 1423 2246 1489 et
2295 1414 2559 1513 patriae
2605 1414 2987 1488 medicinae
3034 1413 3399 1513 insigniter
3443 1439 3599 1512 pro-

555 1536 758 1610 desse
821 1542 1136 1633 pergant.
1237 1531 1514 1612 Quodsi
1581 1556 1738 1608 vero
1811 1559 1936 1610 con
1944 1543 2048 1611 tra
2115 1535 2457 1610 maiorum
2524 1534 2949 1610 voluntatem
3004 1535 3303 1610 doctoris
3353 1535 3601 1614 titulus

554 1655 656 1732 ita
719 1655 1173 1752 infringatur,
1251 1660 1336 1726 ut
1401 1651 1496 1727 ad
1549 1661 1770 1728 artem
1825 1653 2274 1731 factitandam
2327 1679 2468 1730 non
2524 1654 2824 1754 amplius
2876 1655 3169 1730 sufficiat
3187 1688 3206 1744 ;
3256 1655 3317 1728 si
3363 1655 3469 1729 vel
3508 1655 3599 1743 ii,

555 1776 678 1876 qui
743 1775 1042 1849 summis
1109 1772 1184 1846 in
1233 1771 1576 1846 medicina
1645 1761 2022 1847 honoribus
2085 1774 2311 1849 ornati
2372 1781 2578 1860 sunt,
2654 1797 2795 1871 quo
2844 1772 3191 1847 licentiam
3238 1773 3601 1870 acquirant

555 1918 758 1995 opem
827 1893 1134 1982 ferendi,
1203 1893 1586 1967 iuratorum
1655 1891 2044 1990 probationi
2113 1893 2617 1969 submittantur
2634 1925 2655 1981 ;
2721 1892 2875 1967 aliis
2934 1901 3167 1968 autem
3241 1893 3330 1967 ad
3393 1894 3599 1991 longe

554 2015 894 2090 minorem
944 2012 1394 2087 humanitatis
1455 2011 1724 2086 cultum
1787 2011 2174 2087 informatis
2223 2013 2467 2087 eadem
2520 2012 2919 2087 tribuantur
2966 2013 3119 2088 iura
3137 2071 3158 2101 ,
3228 2035 3407 2112 quae
3474 2013 3597 2087 do-

553 2134 864 2210 ctoribus
903 2132 1132 2208 adhuc
1183 2139 1631 2230 competunt,
1691 2143 1816 2206 aut
1863 2133 2039 2207 nihil
2086 2133 2286 2207 video
2307 2192 2328 2223 ,
2379 2134 2755 2209 Auditores
2776 2193 2797 2221 ,
2842 2143 2967 2208 aut
3022 2133 3210 2231 apud
3258 2141 3599 2208 nostrates

555 2263 790 2331 actum
832 2263 940 2328 est
984 2253 1072 2326 de
1124 2250 1488 2326 medicina.
1589 2251 1886 2325 Cor-ruet
1921 2252 2092 2326 ordo
2139 2253 2563 2328 medicorum
2590 2311 2610 2340 ,
2675 2253 2980 2328 tabescet
3026 2254 3233 2329 etiam
3280 2251 3595 2352 physico·

552 2399 710 2450 rum
732 2432 753 2463 ,
827 2374 1348 2471 disrumpentur
1409 2371 1932 2459 universitates,
2009 2370 2381 2470 frigescent
2449 2372 2682 2446 studia
2753 2373 3071 2470 quaevis,
3142 2372 3599 2447 retrolabetur

551 2521 676 2571 ars
739 2493 1060 2568 salutaris
1081 2550 1100 2579 ,
1173 2501 1575 2579 evanescet,
1629 2515 1843 2588 quam
1891 2516 1936 2565 a
1987 2492 2364 2566 maioribus
2416 2492 2806 2590 accepimus
2826 2550 2844 2579 ‚
2892 2491 3299 2568 eruditionis
3352 2493 3599 2567 buma-

547 2615 936 2710 nitatisque
977 2611 1183 2685 fama.

649 2735 753 2808 At
801 2731 1184 2816 enimvero,
1231 2728 1330 2804 sic
1373 2727 1546 2802 mihi
1587 2730 1932 2828 quispiam
1981 2739 2330 2819 occurrat,
2382 2725 2675 2807 aliorum
2726 2757 2937 2830 quam
2991 2730 3392 2806 docentium
3440 2751 3601 2828 pro-

546 2853 748 2928 batio
811 2849 1065 2924 civium
1141 2848 1490 2924 securitati
1554 2874 1888 2949 perquam
1935 2851 2318 2926 necessaria
2358 2845 2675 2927 habetur.
2782 2852 2858 2925 Si
2908 2849 3123 2938 nulli,
3174 2849 3312 2924 nisi
3364 2845 3597 2924 docto·

549 2998 664 3048 res
683 3032 703 3061 ‚
755 2969 1176 3047 salutiferam
1226 2977 1448 3043 artem
1490 2976 1926 3059 exercerent,
1977 2970 2437 3070 complurium
2492 2970 2755 3047 incolae
2806 2994 3142 3070 pagorum
3167 3027 3187 3059 ,
3236 2967 3597 3043 Bunscho-

549 3092 740 3180 tani,
791 3091 1348 3177 Gamericenses,
1383 3088 1540 3179 alii,
1581 3090 2008 3167 medicorum
2047 3092 2304 3165 auxilio
2333 3092 2699 3180 destituti,
2743 3116 2999 3191 magno
3030 3089 3315 3189 quidem
3356 3089 3599 3163 aerarii

552 3214 813 3290 damno
830 3270 850 3301 ,
908 3210 1142 3285 cuncti
1200 3210 1526 3308 deinceps
1565 3212 1922 3285 emerituri
1970 3210 2217 3287 forent.
2320 3214 2569 3312 Itaque
2618 3220 2889 3311 praeter
2934 3208 3399 3286 honoratiores
3444 3206 3601 3283 aliis

551 3333 766 3409 etiam
825 3330 1112 3406 medicis
1159 3354 1338 3428 opus
1383 3338 1490 3403 est
1509 3387 1530 3417 ,
1595 3316 1932 3406 inferioris
1979 3330 2242 3405 ordinis
2287 3332 2429 3405 illis
2449 3390 2468 3421 ,
2522 3332 2643 3431 qui
2664 3391 2682 3420 ,
2735 3332 2921 3431 quod
2970 3330 3179 3405 ceteri
3230 3334 3553 3405 recusant
3574 3382 3597 3414 ‚

551 3452 702 3529 ruri
740 3452 992 3551 degere
1043 3450 1274 3523 velint.
1375 3449 1522 3526 Qui
1571 3472 1728 3523 vero
1773 3451 2049 3528 rusticis
2089 3452 2505 3526 medicinam
2551 3451 2879 3525 adhibere
2926 3457 3257 3549 possunt,
3305 3452 3599 3547 possunt

554 3580 628 3647 et
687 3568 1180 3668 optimatibus,
1239 3574 1344 3659 ⁸ut
1408 3567 1625 3666 igitur
1691 3594 2122 3669 consequens
2197 3596 2348 3646 esse
2426 3572 2778 3659 videatur,
2850 3570 3107 3668 quibus
3181 3578 3599 3667 potestatem·

554 3691 800 3767 feceris
865 3690 1010 3763 ruri
1075 3687 1488 3761 medicinam
1535 3687 1938 3777 factitandi,
1995 3690 2242 3765 iisdem
2291 3698 2362 3763 et
2412 3691 2484 3764 in
2542 3692 2834 3764 urbibus
2886 3689 3175 3763 eandem
3225 3685 3599 3761 concedere

555 3811 927 3887 licentiam.
1027 3808 1478 3906 Consequens
1529 3816 1672 3896 est,
1723 3809 2101 3885 Auditores
2120 3869 2139 3897 ‚
2192 3834 2634 3908 nequaquam
2682 3810 3016 3893 diffiteor-5
3068 3816 3139 3879 at
3185 3788 3601 3901 restringere

557 3931 904 4007 licentiam
955 3952 1232 4016 eorum,
1275 3952 1318 4001 a
1365 3926 1626 4026 quibus
1668 3929 2004 4003 minorem
2046 3930 2311 4027 ingenii
2349 3929 2617 4002 cultum
2660 3926 3003 4024 exegeris,
3051 3948 3260 4023 quam
3310 3924 3399 3997 ab
3444 3922 3601 3997 aliis

555 4049 928 4151 postularis
949 4107 967 4136 ,
1035 4072 1262 4146 neque
1313 4047 1638 4147 iniquum
1695 4056 1766 4121 et
1825 4071 1982 4122 vero
2034 4058 2314 4147 propter
2366 4047 2691 4121 contrarii
2750 4043 3277 4143 consequentias
3324 4066 3603 4117 summe

555 4170 1046 4261 necessarium.
1145 4168 1446 4266 Egomet
1511 4167 1702 4266 ipse,
1769 4168 1973 4267 longo
2027 4190 2255 4242 rerum
2314 4192 2447 4241 usu
2492 4167 2665 4263 quid
2712 4180 2953 4240 verum·
3002 4165 3093 4238 sit
3136 4165 3205 4238 in
3254 4162 3605 4238 eiusmodi*

557 4288 1084 4391 quaestionibus
1121 4287 1448 4373 edoctus,
1495 4287 1582 4359 iis
1625 4284 2042 4384 adstipulor,
2089 4288 2212 4386 qui
2255 4288 2437 4361 solos
2483 4286 2865 4361 medicinae
2906 4285 3219 4359 doctores
3257 4284 3347 4358 ad
3377 4295 3597 4360 artem

559 4410 932 4487 salutarem
1001 4404 1448 4484 factitandam
1519 4406 1590 4478 in
1661 4406 1881 4503 patria
1951 4417 2184 4482 nostra
2227 4407 2414 4481 haud
2468 4408 2775 4481 sufficere
2828 4405 3268 4480 contendant.
3368 4405 3469 4477 At
3512 4424 3599 4476 eo

559 4530 896 4608 libentius
941 4528 1165 4627 legem
1207 4526 1583 4625 acciperem
1605 4582 1624 4613 ,
1677 4550 1816 4623 qua
1869 4550 2176 4603 summos
2227 4528 2294 4601 in
2354 4526 2693 4601 medicina
2740 4526 3031 4599 honores
3082 4521 3369 4620 antiquo
3408 4545 3597 4594 more

559 4650 792 4729 cuncti
861 4654 1096 4747 petere
1161 4644 1578 4733 iubeantur,
1653 4646 1776 4743 qui
1847 4670 2278 4723 Anscnmrn
2353 4646 2825 4722 sacerdotibus
2882 4640 3221 4719 accenseri
3272 4640 3596 4736 cupiant,

560 4796 699 4871 qno
751 4766 978 4867 magis
1023 4788 1429 4865 persuasum
1478 4764 1738 4854 habe0,
1789 4768 1924 4840 nisi
1965 4768 2409 4865 repudietur,
2464 4790 2675 4866 quam
2730 4766 2804 4841 in
2854 4763 3133 4837 exordio
3180 4780 3595 4833 commemo·
