4728 5991
1811 540 2369 610 ORATIO.
3473 534 3604 603 265

572 763 675 826 est
717 749 1021 826 Ecclesia
1064 749 1455 824 Christiana
1476 807 1495 836 ,
1544 749 1682 824 iam
1732 751 1971 826 firmae
2020 749 2552 826 inveniebantur
2599 748 2978 848 opiniones,
3077 748 3318 822 Patres
3364 746 3452 820 de
3502 745 3612 820 his

572 873 857 946 minime
912 894 1203 946 examen
1258 870 1749 958 instituerunt,
1800 871 1923 945 sed
1981 895 2099 946 eas
2151 881 2484 970 tanquam
2543 894 2735 944 veras
2783 879 3192 968 aeceperunt
3245 876 3316 940 et
3363 891 3608 964 propa-

570 999 845 1092 garunt.
944 989 1399 1065 Pentateuchi
1462 989 1679 1090 igitur
1737 1000 2085 1066 auctorem
2139 1014 2382 1066 110an
2407 1049 2428 1079 ,
2479 1013 2756 1066 rosmm
2807 989 2964 1062 libri
3031 987 3340 1061 eiusdem
3385 985 3611 1058 nomi-

570 1113 679 1186 nis
721 1121 1074 1187 auctorem
1120 1109 1471 1185 habebant
1490 1167 1509 1197 ,
1558 1121 1629 1184 et
1694 1111 1792 1185 sic
1852 1136 2053 1210 porro
2112 1135 2355 1186 omnes
2417 1111 2628 1184 libros
2698 1109 2782 1182 iis
2837 1106 3321 1182 adscribebant
3373 1115 3607 1178 aucto-

570 1231 805 1319 ribus,
854 1231 1111 1330 quibus
1152 1229 1431 1304 traditio
1470 1230 1907 1306 Iudaeorum.
2010 1231 2193 1306 Sunt
2236 1230 2524 1331 quidem
2573 1229 2800 1304 adhuc
2851 1227 3100 1302 nostris
3137 1227 3384 1299 diebus
3431 1225 3612 1298 inter

574 1350 957 1448 Theologos
1002 1347 1468 1437 Christianos,
1500 1345 1641 1445 ¹qui
1690 1374 1943 1448 magna
1988 1375 2113 1448 pro
2160 1361 2355 1449 parte
2404 1350 2490 1423 iis
2535 1347 2986 1448 opinionibus
3033 1345 3490 1431 adhaereant,
3541 1354 3614 1416 et

576 1495 636 1544 v.
663 1495 723 1545 c.
764 1492 901 1543 non
944 1476 1221 1543 tantum
1270 1479 1617 1555 statuant,
1668 1469 1921 1543 librum
1968 1471 2179 1545 Ionae
2224 1496 2267 1544 a
2316 1492 2493 1544 rona
2540 1469 2873 1569 propheta
2915 1467 3380 1564 conscriptum
3417 1488 3611 1551 esse,

577 1589 697 1665 sed
764 1589 976 1662 etiam
1034 1611 1295 1662 meram
1371 1587 1765 1662 historicam
1836 1590 2295 1664 narrationem
2358 1590 2750 1676 continere,
2801 1587 2926 1661 sed
2976 1587 3284 1686 plerique
3329 1608 3568 1659 eorum
3594 1642 3612 1669 ,

578 1709 699 1808 qui
756 1707 1081 1784 historiae
1152 1707 1423 1780 criticae
1472 1707 1805 1784 librorum
1848 1709 2121 1784 Veteris
2172 1710 2602 1784 Testamenti
2653 1733 2932 1808 operam
2982 1714 3318 1781 navarunt
3340 1764 3359 1794 ,
3411 1704 3616 1778 hodie

576 1831 647 1904 in
703 1853 787 1904 eo
840 1828 1321 1914 consentiunt,
1391 1829 1581 1926 quod
1630 1828 1908 1903 traditio
1957 1828 2075 1902 illa
2124 1829 2412 1903 Iudaica
2463 1827 2747 1902 minime
2797 1829 3016 1900 firmis
3070 1825 3318 1900 nititur
3367 1824 3614 1898 funda-

578 1949 851 2026 mentis,
949 1950 1201 2045 Neque
1266 1948 1423 2045 quis
1444 2005 1463 2034 ,
1536 1949 1669 2021 nisi
1729 1949 2193 2046 maximopere
2246 1949 2444 2022 fallor
2463 2007 2481 2034 ,
2547 1949 2728 2022 inter
2781 1971 2900 2021 eos
2951 1947 3154 2021 hodie
3203 1946 3617 2044 reperietur,

580 2070 701 2168 qui
737 2093 875 2144 non
920 2079 1285 2166 agnoscet,
1338 2068 1589 2142 librum
1642 2067 1988 2142 Koheleth
2038 2093 2480 2167 nequaquam
2532 2093 2574 2140 a
2619 2090 3002 2141 sanomonn
3051 2091 3210 2164 rege
3259 2090 3408 2139 esse
3457 2089 3618 2138 con-

581 2190 949 2288 scriptum,
1000 2212 1425 2285 quamquam
1484 2199 1555 2262 et
1605 2188 1732 2262 hoc
1784 2187 1947 2262 olim
1995 2188 2085 2262 ab
2131 2189 2460 2262 omnibus
2511 2186 2938 2262 credebatur.
3042 2187 3136 2260 Et
3175 2187 3623 2284 quantumvis

582 2309 897 2384 differant
952 2309 1351 2382 etiamnunc
1394 2307 1482 2382 de
1522 2309 1811 2382 aliorum
1865 2308 2133 2382 Veteris
2186 2307 2614 2382 Testamenti
2657 2307 2989 2380 librorum
3034 2305 3300 2404 origine
3346 2315 3618 2379 senten-

582 2430 749 2517 tiae;
820 2429 911 2502 ab
974 2451 1393 2526 unoquoque
1458 2439 1639 2502 certe
1706 2429 2105 2502 conceditur
2124 2485 2141 2514 ,
2204 2426 2683 2501 auctoritatem
2758 2427 3038 2498 Patrum
3109 2424 3619 2499 Ecclesiastico-

578 2573 733 2622 rum
778 2572 917 2622 non
960 2548 1183 2646 magis
1231 2573 1443 2644 quam
1501 2549 1901 2624 traditiones
1956 2551 2416 2636 Iudaeorum,
2467 2546 2848 2622 conducere
2900 2553 2980 2618 ut
3026 2544 3114 2619 de
3161 2545 3426 2643 origine
3470 2544 3617 2617 illo-

579 2692 726 2742 rum
784 2677 1391 2742 monumentorum
1436 2669 1756 2742 certiores
1804 2671 2053 2744 fiamus
2080 2729 2095 2756 ,
2150 2669 2274 2743 sed
2318 2692 2498 2766 opus
2539 2691 2688 2740 esse
2735 2672 3054 2740 accurata
3097 2663 3578 2762 disquisitione
3602 2721 3619 2749 ,

580 2787 668 2861 ab
716 2787 1121 2861 auctoritate
1169 2787 1457 2860 Patrum
1508 2813 1787 2886 prorsus
1836 2789 2071 2863 libera.

676 2909 870 2981 Num
933 2931 1091 2980 vero
1166 2907 1351 2980 idem
1428 2908 1638 2982 etiam
1716 2908 1895 2983 valet
1967 2909 2053 2982 de
2134 2909 2327 2982 libris
2393 2905 2576 2982 Novi
2642 2905 3120 2980 Testamenti?
3218 2903 3470 2979 Nonne
3535 2903 3622 2976 de

580 3050 815 3101 eorum
894 3028 1161 3125 origine
1250 3028 1645 3103 testimonia
1711 3040 1921 3128 atque
1989 3029 2345 3128 opiniones
2413 3030 2737 3114 Patrum,
2803 3022 3082 3126 quippe
3124 3026 3248 3124 qui
3307 3025 3628 3099 vixerunt

582 3171 661 3219 eo
723 3147 873 3244 ipso
934 3157 1277 3245 tempore,
1344 3172 1483 3244 quo
1559 3148 1657 3222 illi
1717 3149 1871 3223 libri
1935 3150 2201 3223 collecti
2260 3158 2428 3223 sunt
2485 3161 2558 3223 et
2624 3172 2864 3221 eorum
2926 3169 3144 3221 canon
3201 3149 3622 3221 constitutus

581 3277 719 3351 est,
770 3265 1091 3339 absoluta
1138 3263 1393 3363 pollere
1437 3267 1843 3341 auctoritate
1890 3269 2235 3341 censenda
2277 3269 2496 3342 sunt?
2597 3267 2828 3341 Multa
2863 3266 3142 3339 obstant
3162 3324 3182 3353 ,
3231 3265 3582 3340 auditores
3602 3322 3622 3352 ,

582 3406 719 3481 quo
784 3382 1017 3457 minus
1088 3383 1404 3456 assentiri
1475 3385 1755 3481 possim.
1858 3387 2211 3461 Nimirum
2274 3387 2516 3461 Patres
2575 3387 2647 3459 in
2718 3387 2835 3460 illa
2903 3386 3304 3484 quaestione
3364 3383 3617 3458 diiudi-

580 3502 799 3576 canda
846 3501 1051 3575 etiam
1112 3501 1548 3577 traditionem
1599 3506 1993 3601 praesertim
2056 3504 2558 3603 sequebantur,
2609 3502 3048 3577 traditionem
3093 3502 3386 3587 scilicet,
3436 3526 3615 3599 quae

579 3622 649 3693 in
726 3620 1031 3695 Ecclesia
1099 3621 1494 3697 Christiana
1566 3647 1803 3697 eorum
1877 3625 2016 3699 iam
2084 3636 2307 3699 aetate
2375 3622 3003 3699 circumferebatur.
3130 3621 3291 3695 Non
3351 3621 3450 3693 ita
3504 3643 3616 3692 ve-

583 3747 769 3813 tusta
831 3746 975 3812 erat
1036 3739 1203 3813 haec
1264 3740 1543 3814 traditio
1612 3749 1683 3815 et
1744 3742 2105 3839 inquinata
2174 3768 2253 3817 ac
2301 3742 2720 3816 Iudaeorum
2773 3740 3054 3815 traditio
3107 3739 3195 3813 de
3247 3739 3439 3813 libris
3478 3738 3614 3813 Ve-

584 3858 745 3931 teris
816 3858 1264 3933 Testamenti.
1366 3862 1573 3933 Certa
1642 3862 1791 3933 eius
1864 3861 2188 3959 vestigia,
2259 3861 2504 3936 saltem
2566 3862 2756 3960 quod
2823 3860 2915 3935 ad
2966 3860 3294 3934 maiorem
3347 3868 3616 3957 partem

582 3978 915 4051 librorum
976 3980 1159 4053 Novi
1222 3980 1646 4055 Testamenti
1714 3980 1965 4054 attinet
1984 4038 2003 4067 ,
2079 3981 2363 4056 demum
2433 3981 3078 4055 animadvertuntur
3141 3987 3298 4078 post
3350 4002 3614 4053 annum

582 4099 1034 4173 centesimum
1096 4100 1727 4198 septuagesimum.
1856 4102 1963 4174 Ita
2033 4110 2303 4175 vetusta
2373 4100 2590 4199 igitur
2665 4108 2848 4187 erat,
2924 4107 3006 4173 ut
3073 4106 3396 4199 corrupta
3467 4122 3618 4173 esse

583 4225 835 4315 posset.
937 4220 1336 4308 Praeterea,
1387 4220 1816 4295 Christianos
1864 4221 1949 4293 iis
2002 4221 2430 4319 temporibus
2476 4220 2674 4296 facile
2721 4244 2979 4295 errasse
3026 4220 3097 4293 in
3143 4220 3620 4295 aestimatione

582 4336 949 4413 Librorum
992 4339 1392 4428 Sacrorum,
1442 4340 1577 4413 iam
1620 4340 1783 4414 inde
1823 4348 2052 4437 patet,
2106 4341 2291 4439 quod
2340 4340 2413 4415 in
2461 4340 2708 4415 horum
2761 4364 3130 4416 numerum
3173 4340 3384 4414 etiam
3433 4347 3618 4415 retu·

586 4457 813 4531 lerunt
879 4457 1225 4558 Epistolas
1288 4481 1679 4535 naamam
1758 4471 1831 4533 et
1904 4484 2313 4535 ennunnrrs
2386 4462 2724 4551 Romani,
2801 4470 2871 4535 et
2941 4484 3250 4535 naaman
3322 4460 3575 4535 librum
3601 4518 3618 4547 ,

584 4575 707 4672 qui
768 4577 1015 4651 Pastor
1076 4578 1516 4666 inscribitur,
1568 4604 1707 4676 quo
1758 4580 2013 4653 honore
2060 4604 2177 4655 eos
2222 4580 2548 4679 indignos
2593 4604 2778 4669 esse,
2831 4580 3032 4655 hodie
3079 4604 3320 4653 omnes
3373 4602 3622 4677 agnos-

582 4705 771 4770 cunt.
846 4697 1056 4789 Certo
1095 4698 1353 4771 certius
1394 4709 1537 4786 est,
1578 4700 1817 4773 Patres
1852 4700 2363 4775 Ecclesiasticos
2400 4701 2608 4776 etiam
2649 4700 2990 4798 quaedam
3039 4698 3294 4795 scripta
3335 4697 3626 4771 authen-

3202 4820 3297 4889 34
