4728 5991
165 5681 174 5724 ο-
162 5584 174 5638 «ιι-ι-
161 5067 174 5520 —o-vv-Q-——v——ae-v-—
162 4982 164 4987 -

1173 623 1260 684 48
2241 612 2320 680 G.
2395 612 2475 680 G.
2548 613 3131 682 PLUYGERS

1169 837 1298 905 ant
1353 827 1598 902 famuli
1654 825 1880 902 lucem
1923 821 2252 924 praebere
2303 821 2677 900 iubeantur
2718 833 2793 902 et
2836 825 3185 926 quidquid
3238 824 3559 904 utilitsfis
3606 827 3749 904 sive
3796 827 3888 902 ad
3932 826 4211 926 linguae

1171 950 1696 1050 intelligentiam
1751 947 1894 1022 sive
1941 945 2036 1022 ad
2079 969 2312 1022 rerum
2363 946 2720 1024 scientiam
2772 948 3071 1024 habeant
3122 947 3449 1024 conferre.

1269 1071 1412 1148 Sed
1475 1071 1776 1146 maxime
1837 1068 1928 1144 ad
1993 1091 2274 1142 causam
2333 1068 2409 1142 in
2460 1095 2601 1169 qua
2653 1095 3005 1147 versamur
3054 1069 3354 1171 pertinet
3405 1069 3779 1170 repetitum
3830 1075 3903 1144 et
3947 1091 4209 1144 revoca·

1176 1202 1330 1271 tum
1377 1217 1460 1268 sc
1505 1191 1680 1266 miro
1731 1189 1972 1266 ardore
2009 1215 2054 1266 a
2085 1190 2557 1290 compluribus
2602 1201 2957 1294 arreptum
2994 1196 3419 1270 Graecarum
3458 1191 3843 1268 litterarum
3882 1189 4208 1266 studium.

1179 1315 1454 1391 Scilicet
1517 1312 1694 1389 illud
1769 1311 1936 1388 satis
2003 1317 2274 1388 constat
2329 1313 2607 1389 nullum
2670 1324 2939 1392 rectum
2997 1314 3089 1390 de
3137 1314 3299 1391 ullis
3346 1313 3595 1390 litteris
3636 1312 3981 1388 iudicium
4028 1335 4209 1398 esse,

1174 1437 1310 1512 nisi
1369 1435 1560 1536 qnod
1615 1433 1924 1534 plurium
1987 1433 2310 1532 gentium
2357 1435 2722 1536 praeclaris
2768 1437 3155 1514 litterarum
3202 1435 3673 1512 monumentis
3718 1430 4213 1510 contendendis

1175 1557 1538 1634 collectum
1617 1556 1730 1632 sit.
1829 1552 2112 1630 Etenim
2191 1555 2252 1630 si
2319 1565 2507 1632 certa
2568 1557 2914 1659 descripta
2978 1567 3163 1634 esset
3232 1557 3458 1659 pulcri
3520 1556 3931 1656 venustique
4004 1555 4213 1630 forma

1177 1703 1390 1780 qnam
1439 1678 1660 1754 oculis
1707 1701 1984 1752 cernere
2033 1683 2158 1752 aut
2201 1675 2527 1752 manibus
2574 1685 2861 1778 tangere
2906 1701 3269 1778 possemus
3292 1736 3313 1767 ,
3363 1677 3454 1753 ad
3504 1701 3655 1754 eam
3702 1674 3981 1776 singula
4018 1699 4215 1775 opere

1175 1807 1324 1877 arte
1393 1797 1637 1876 effecta
1696 1799 2070 1874 referentes
2133 1797 2336 1874 facile
2404 1825 2485 1874 ac
2545 1799 2693 1874 sine
2742 1823 2967 1874 errore
3013 1799 3101 1874 de
3151 1799 3493 1900 cuiusque
3545 1797 3923 1873 virtutibus
3960 1795 4211 1872 iudica·

1178 1947 1431 1997 remus.
1535 1921 1746 1996 Nunc
1797 1944 1956 1994 vero
2004 1920 2228 2019 ipsam
2279 1918 2633 1995 iudicandi
2674 1943 2991 1994 normam
3038 1943 3128 1993 ex
3172 1918 3493 2020 pluribus
3514 1977 3535 2006 ‚
3588 1916 3699 1991 vel
3746 1915 3883 1992 nisi
3928 1915 4210 1992 immen-

1179 2068 1337 2119 sum
1407 2050 1626 2132 esset,
1699 2067 1787 2116 ex
1860 2039 2203 2116 universis
2267 2037 2597 2139 operibus
2654 2038 2987 2114 conficere
3050 2061 3331 2114 necesse
3377 2047 3485 2114 est
3504 2095 3525 2126 ‚
3576 2061 3755 2137 quae
3808 2035 3883 2110 in
3928 2034 4214 2114 aeternis

1177 2165 1406 2241 decori
1482 2163 1898 2263 venustique
1961 2159 2320 2262 principiis
2378 2159 2469 2234 ab
2534 2161 2841 2236 humana
2892 2168 3039 2236 arte
3102 2159 3395 2235 fundata
3458 2165 3646 2235 sunt.
3744 2158 3933 2234 Nam
3984 2181 4069 2232 ea
4116 2161 4214 2230 est

1177 2287 1440 2388 ingenii
1489 2285 1777 2361 humani
1819 2284 1892 2359 in
1941 2282 2180 2358 divina
2224 2281 2449 2381 pulcri
2492 2288 2745 2358 natura
2787 2283 3235 2383 exprimenda
3276 2280 3508 2380 inopia
3530 2339 3551 2368 ,
3606 2287 3685 2354 ut
3726 2305 3867 2356 non
3928 2275 4213 2354 hominis

1175 2409 1384 2484 modo
1451 2408 1658 2483 unius
1677 2467 1700 2496 ,
1769 2405 1890 2482 sed
1940 2405 2174 2506 gentis
2217 2405 2430 2480 etiam
2474 2414 2597 2479 aut
2644 2403 2891 2479 aetatis
2936 2403 3221 2480 collecta
3264 2427 3473 2503 opera
3511 2411 3779 2502 partem
3824 2407 4101 2476 tantum
4141 2421 4213 2472 ac

1171 2531 1470 2631 speciem
1525 2529 1676 2605 eius
1723 2530 2053 2628 affingant
2077 2585 2100 2616 ,
2149 2535 2381 2601 totum
2433 2533 2504 2600 et
2556 2525 2953 2600 universum
3006 2549 3145 2601 non
3195 2524 3759 2624 complectantur.

1264 2649 1542 2730 Quodsi
1609 2648 1682 2723 in
1753 2647 2220 2724 diiudicandis
2289 2645 2621 2720 omnibus
2692 2645 3009 2720 omnium
3076 2657 3387 2723 aetatum
3442 2673 3525 2722 ac
3598 2645 3917 2746 gentium
3984 2640 4214 2719 litteris

1169 2773 1348 2848 valet
1407 2771 1708 2848 aliarum
1764 2769 2152 2844 litterarum
2220 2765 2687 2842 adhibendam
2756 2791 2907 2842 esse
2974 2769 3555 2866 comparationem
3573 2827 3593 2856 ‚
3660 2773 3842 2842 certe
3894 2763 4211 2865 quemad·

1175 2893 1462 2969 modum
1528 2891 1618 2966 de
1681 2889 1951 2964 Latinis
2015 2887 2266 2962 litteris
2328 2887 2589 2986 possit,
2660 2912 2797 2962 non
2866 2889 2939 2962 in
2988 2887 3193 2964 Latio
3234 2889 3417 2965 natis
3461 2889 3583 2964 sed
3630 2913 3717 2964 ex
3766 2887 4058 2962 Graecia
4097 2885 4211 2958 im·

1175 3012 1464 3115 portatis
1489 3070 1512 3101 ‚
1583 3011 1730 3087 sine
1799 3008 2082 3086 Graecis
2151 3008 2400 3085 litteris
2469 3009 2816 3085 aestimari
2836 3069 2857 3099 ,
2932 3034 3135 3087 nemo
3198 3011 3395 3087 facile
3462 3010 3732 3088 dixerit.
3834 3010 3929 3085 Et
3995 3018 4215 3085 tamen

1173 3135 1450 3211 illarum
1499 3132 1882 3207 litterarum
1932 3130 2243 3207 studium
2301 3130 2493 3229 apud
2542 3130 2927 3230 superiores
2975 3133 3481 3231 propemodum
3532 3133 3885 3207 desertum
3939 3128 4215 3205 iacuisse

1179 3256 1338 3356 quis
1387 3255 1713 3355 ignorat?
1785 3252 1976 3329 Hinc
2023 3252 2198 3329 levia
2247 3252 2507 3327 iudicia
2551 3278 2631 3329 ac
2678 3252 2827 3327 sine
2877 3252 3150 3329 delectu
3196 3254 3707 3329 admirationes.
3810 3250 4215 3327 Horatianus

1173 3377 1276 3453 illi
1315 3376 1510 3453 Odas
1553 3383 1626 3451 et
1663 3373 2012 3472 Epistolas
2055 3398 2220 3451 cum
2269 3373 2760 3461 Sermonibus,
2827 3398 3213 3449 c1cnaoms
3262 3376 3473 3449 libros
3520 3374 3608 3449 de
3661 3373 3951 3449 Oratore
3996 3382 4065 3449 et
4110 3394 4215 3445 eos

1179 3498 1440 3599 quibus
1489 3498 1826 3573 Graecam
1876 3494 2385 3595 philosophiam
2431 3493 2678 3569 Latine
2711 3494 3118 3594 explicavit,
3171 3505 3531 3595 tamquam
3568 3502 3983 3595 argumento
4026 3492 4213 3567 dum-

1177 3629 1371 3697 taxat
1435 3618 1781 3704 diversos,
1853 3624 1999 3693 arte
2063 3614 2429 3714 aequales,
2494 3614 2644 3713 pari
2700 3613 2933 3690 studio
2976 3616 3615 3717 prosequebantur;
3680 3640 3845 3691 cum
3894 3634 4213 3691 vraeuao

1179 3742 1250 3818 in
1317 3742 1511 3841 spica
1579 3738 1770 3839 poesi
1837 3735 2190 3813 nominem
2236 3734 2326 3811 de
2376 3732 2607 3833 palma
2655 3734 3069 3809 contendere
3118 3761 3317 3834 posse
3341 3794 3361 3823 ‚
3429 3736 3499 3811 in
3548 3758 3913 3811 ‘ranam-10
3963 3755 4211 3809 comoe-

1179 3862 1368 3939 diam
1415 3860 1784 3961 pcrfectam
1827 3866 1898 3934 et
1943 3857 2338 3935 absolutam
2390 3880 2542 3933 esse
2596 3854 3135 3945 existimabant,
3182 3858 3353 3933 item
3399 3857 3486 3933 de
3518 3858 3785 3933 ceteris.
3887 3857 4037 3931 Nos
4073 3876 4214 3927 vero

1185 3986 1258 4061 in
1311 3983 1489 4059 Odis
1520 4004 1912 4065 noasrmu
1956 4004 2231 4061 summo
2277 3976 2567 4055 artificio
2605 4002 2785 4075 quae
2827 3976 3109 4052 aliunde
3152 3978 3553 4078 arripuisset
3594 3978 3975 4054 excoluisse
4004 3998 4215 4073 neque

1189 4126 1529 4203 negamus
1600 4109 1670 4177 et
1735 4124 1894 4178 vero
1961 4100 2363 4177 laudamus:
2438 4098 2513 4175 in
2578 4097 2909 4197 Epistolis
2975 4124 3133 4174 vero
3190 4124 3271 4175 ac
3326 4099 3779 4175 Sermonibus
3826 4122 4029 4173 suam
4069 4120 4211 4171 eum

1191 4223 1498 4301 indolem
1547 4245 1894 4319 suumque
1937 4220 2298 4320 ingenium
2347 4225 2665 4295 secutum
2709 4219 3117 4295 admirabile
3162 4246 3341 4320 opus
3390 4220 3785 4297 condidisse
3829 4241 4215 4301 censemus,

1198 4344 1390 4445 quod
1435 4342 1658 4421 solum
1709 4350 1781 4417 et
1829 4341 2116 4419 unicum
2165 4341 2258 4417 sit
2304 4338 2771 4441 peculiarique
2824 4340 3263 4418 excellentiae
3313 4353 3477 4418 nota
3526 4342 3986 4442 impressum3
4036 4359 4214 4413 0101-

1199 4488 1454 4545 noum
1473 4523 1494 4553 ‚
1559 4486 1723 4539 cum
1793 4462 2152 4539 materiem
2223 4484 2473 4561 parum
2546 4460 2679 4535 sibi
2717 4462 3069 4561 cognitam
3115 4471 3327 4562 atque
3374 4490 3417 4543 a
3463 4472 3711 4541 natura
3766 4488 3895 4539 sua
3940 4462 4215 4537 alienam

1201 4586 1630 4665 tractandam
1677 4584 2084 4673 sumsisset,
2133 4592 2280 4660 tam
2321 4582 2511 4659 brevi
2555 4590 2865 4683 tempore
2908 4592 3052 4659 tam
3110 4586 3367 4661 multos
3410 4586 3621 4661 libros
3667 4592 3809 4659 tam
3855 4583 4218 4659 luculenter

1198 4708 1549 4811 scripsisse
1607 4730 1747 4783 non
1819 4706 1966 4783 sine
2029 4704 2483 4783 admiratione
2544 4704 2959 4805 accipimus:
3014 4730 3175 4781 nam
3209 4708 3483 4782 nullum
3530 4731 3709 4807 opus
3756 4730 3847 4781 ne
3894 4702 4217 4779 levissimo

1201 4832 1484 4934 quidem
1551 4827 1832 4909 brechio
1897 4828 2010 4907 ille
2075 4826 2402 4927 perfecit,
2456 4826 2625 4927 quin
2674 4826 3020 4926 singulare
3072 4827 3223 4905 eius
3274 4828 3635 4929 ingenium
3680 4826 4037 4928 pelluceat.
4130 4822 4217 4896 At
