4728 5991
1097 612 1184 682 38
1863 609 2377 678 PROGRAMMA
2424 611 2911 680 CERTAMINIS
2956 610 3393 680 LITERARH.

2544 795 2707 920 vn.

1207 1062 1608 1136 Civitatisne
1667 1068 1773 1136 eat
1801 1067 2173 1160 praestare
2225 1086 2310 1135 ea
2331 1118 2352 1150 ,
2403 1086 2581 1162 quae
2609 1062 2989 1161 potestatis
3026 1062 3295 1160 publici
3342 1063 3644 1137 ministri
3678 1063 3753 1135 in
3800 1083 3921 1135 auo
3968 1060 4149 1160 quie-

1091 1207 1222 1284 que
1268 1207 1541 1258 munere
1586 1189 1821 1257 contra
1869 1208 2069 1282 quam
2117 1183 2309 1259 decet
2339 1183 2755 1284 yeaaerunt?

1189 1303 1624 1396 (Onderzoek
1688 1303 2100 1400 betrqffende
2163 1304 2250 1378 de
2327 1303 3027 1402 aanaprakelh‘kbeid
3062 1327 3197 1379 van
3246 1303 3376 1378 den
3424 1304 3637 1377 Staat
3678 1323 3837 1376 voor
3882 1306 4146 1399 onreyt·

1083 1425 1336 1523 matzjqe
1397 1425 1618 1499 dadan
1639 1481 1662 1512 ‚
1726 1425 1891 1499 door
1957 1425 2147 1517 zijne
2199 1426 2639 1500 ambteuaren
2704 1426 2781 1498 in
2836 1426 2921 1500 de
2974 1425 3393 1524 uitoqfeninq
3450 1423 3709 1500 bunnar
3756 1421 4147 1520 beeekkiuy

1079 1543 1461 1643 yepleeyd.)

1354 1710 1358 1716 ¹
1916 1686 2048 1760 AB
2100 1683 2483 1759 ORDINE
2530 1683 3312 1763 THEOLOGORUM.

2513 1923 2720 2000 VIII.

1183 2142 1596 2242 Inquiratur
1655 2143 1728 2216 in
1791 2141 2214 2216 authentiam
2265 2145 2617 2244 utriusque
2668 2143 2886 2219 Pauli
2932 2147 3033 2218 ad
3079 2095 3699 2220 Thessalonicenses
3744 2143 4089 2242 epistolae.

1173 2381 1296 2458 Ad
1341 2385 1614 2458 toetiam
1664 2389 1740 2456 et
1779 2389 2040 2458 seoetam
2081 2380 2563 2481 quaestionem
2613 2407 2755 2460 non
2804 2383 2941 2460 nisi
2986 2383 3201 2460 latino
3219 2441 3243 2475 ,
3295 2383 3389 2460 ad
3432 2391 3747 2484 quartam
3765 2439 3788 2473 ,
3838 2384 4140 2483 quintam

1075 2507 1148 2576 et
1219 2505 1571 2602 septimam
1632 2525 1774 2580 non
1836 2502 1974 2578 nisi
2036 2503 2405 2580 vernaculo
2468 2528 2787 2580 sermone
2856 2501 3423 2604 respondendum
3492 2500 3627 2578 erit
3645 2559 3666 2590 ,
3732 2523 3877 2599 quo
3930 2507 4005 2576 et
4064 2499 4141 2576 in

1074 2623 1319 2698 ceteris
1368 2623 1749 2699 tractandis
1795 2623 1902 2700 uti
1948 2620 2206 2699 licebit.

1171 2861 1814 2942 Commentationes
1831 2918 1854 2950 ‚
1902 2861 2127 2938 aliena
2183 2885 2403 2938 manu
2452 2861 2947 2938 describendae
2966 2921 2990 2952 ‚
3036 2869 3199 2938 ante
3247 2860 3437 2940 diem
3492 2865 3531 2934 1
3585 2885 3683 2940 m.
3730 2859 4135 2938 Decembris

1073 2981 1288 3057 huius
1353 2983 1518 3058 anni
1582 2981 1954 3057 mittuntor
2015 2981 2108 3057 ad
2171 2981 2423 3059 Virum
2492 2981 2967 3061 Clarissimum
3015 2979 3312 3059 maun
3368 3004 3828 3061 emmunim
3876 3002 4132 3085 mn,

1068 3101 1488 3177 Academiae
1530 3102 1968 3205 Actuarium.
2043 3102 2378 3204 Singulae
2420 3103 2745 3180 lemmate
2776 3102 3245 3179 inscribuntor
3288 3102 3906 3205 adiunguntorque
3936 3100 4129 3177 sche-

1072 3221 1280 3297 dulae
1343 3220 1749 3323 obsignatae
1769 3281 1790 3312 ,
1862 3223 2273 3324 scriptorum
2353 3224 2639 3301 nomina
2695 3233 2767 3301 et
2822 3224 3272 3326 praenomina
3323 3224 3597 3325 integra
3655 3222 4127 3311 continenteS,

1073 3343 1461 3442 eodemque
1510 3343 1835 3419 lemmate
1885 3344 2312 3422 extrinsecus
2363 3346 2753 3423 distinctae.
4066 3332 4069 3337 ¹

1169 3462 1521 3538 Ordinum
1586 3463 1675 3538 de
1743 3462 2473 3541 Commentationibus
2522 3465 2789 3566 judicia
2837 3463 3518 3567 pronuntiabuntur,
3568 3462 4126 3562 optimarumque

1066 3582 1730 3659 commentationum
1815 3582 2273 3683 scriptoribus
2294 3642 2317 3674 ‚
2406 3584 2891 3684 disquisitione
2963 3592 3127 3660 ante
3190 3585 3513 3661 instituta
3530 3640 3555 3674 ,
3630 3571 3938 3683 praemia
4000 3578 4122 3657 tri·

1065 3700 1374 3779 buentur
1419 3703 1574 3805 ipso
1623 3702 1737 3778 die
1787 3703 2214 3781 Academiae
2260 3705 2478 3781 natali
2524 3730 2587 3782 a.
2638 3728 3171 3781 cmlocch11V.
