4728 5991
2044 614 2601 685 ORATI-O.
3705 615 3842 682 215·

793 828 1083 902 rismum
1133 826 1599 915 Lockianum,
1651 824 2089 900 Cartesianae
2138 823 2540 923 disciplinae
2587 822 2978 922 oppositum
3006 878 3025 909 ,
3074 821 3390 896 animum
3443 821 3829 898 humanum

791 943 1261 1022 considerasse
1334 953 1662 1042 tanquam
1742 942 2051 1016 tabulam
2126 966 2353 1016 rasam
2378 999 2400 1029 ,
2477 941 2869 1016 sensatione
2933 949 3004 1014 et
3065 939 3454 1015 reflectione
3525 941 3616 1016 ad
3691 941 3848 1016 veri·

790 1062 1255 1164 cognitionem
1302 1062 1703 1162 perductam
1730 1119 1749 1150 ,
1796 1072 1867 1135 et
1903 1061 2341 1161 aliquatenus
2377 1059 2666 1159 quidem
2703 1059 3022 1159 religioni
3069 1059 3500 1136 Christianae
3539 1061 3830 1150 favisse,

785 1183 1025 1258 indole
1100 1189 1335 1256 autem
1408 1180 1541 1256 sua
1598 1181 1777 1254 viam
1835 1181 2155 1255 stravisse
2208 1189 2357 1254 tm·
2401 1179 2492 1254 ad
2544 1201 2960 1254 nnaxmmrr
3008 1180 3500 1269 Idealismum,
3551 1189 3690 1255 tum
3741 1181 3854 1256 ad.

784 1301 1373 1376 Materiali-mum
1440 1321 1675 1372 eorum
1696 1355 1717 1386 ,
1788 1298 1911 1396 qui
1954 1299 2278 1372 Naturae
2328 1299 2638 1396 Systema
2683 1297 3140 1372 condiderunt
3163 1355 3182 1386 ,
3234 1307 3370 1372 tum
3419 1323 3578 1374 vero
3619 1300 3830 1375 etiam

778 1421 879 1496 ad
952 1443 1175 1493 nunu
1242 1417 1809 1516 Scepticismum,
1878 1441 2319 1517 nequaquam
2372 1441 2530 1490 eum
2589 1439 2836 1492 nuum
2877 1417 3030 1515 ipso
3078 1418 3558 1492 exstinctum?
3625 1420 3830 1494 Post-

778 1563 1013 1637 quam.
1064 1536 1323 1611 scilicet
1366 1535 1757 1610 recentioris
1811 1535 2281 1636 philosophiae
2329 1536 2633 1611 historia.
2655 1536 2824 1610 satis
2870 1561 3216 1636 superque
3265 1536 3649 1627 docuisset,
3691 1563 3853 1639 quo¹

776 1656 1079 1731 tandem
1156 1655 1637 1754 perveniamus
1660 1711 1679 1742 ,
1754 1655 1815 1728 si
1882 1655 2343 1754 aprioristicae
2415 1655 2869 1754 speculationi
2939 1681 3067 1731 nos
3130 1657 3504 1746 tradimus,
3568 1658 3828 1732 nubem

772 1799 915 1876 pro
990 1777 1259 1850 Iunone
1328 1773 1669 1873 amplexi,
1739 1773 1929 1848 haud
1974 1773 2182 1872 pauci
2226 1772 2390 1848 data
2433 1773 2642 1872 opera
2687 1782 3045 1847 ostensum
3089 1773 3360 1848 iverunt
3384 1831 3404 1860 ,
3456 1774 3638 1848 tales
3675 1799 3830 1874 spe·

772 1893 1213 1981 culationes,
1286 1892 1747 1992 experientiae
1816 1892 1971 1966 luce
2034 1893 2404 1966 destitutas
2427 1950 2448 1979 ,
2517 1916 2760 1991 parum
2816 1891 3072 1968 nihilve
3119 1893 3380 1980 valere,
3430 1893 3848 1992 nullamque·

776 2015 1091 2090 salutem
1154 2013 1243 2088 ab
1308 2012 1391 2087 iis
1445 2011 1973 2110 exspectandam
2022 2035 2173 2086 esse
2193 2069 2213 2098 ,
2264 2010 2399 2108 qui.
2437 2011 2708 2110 absque
2753 2010 3154 2113 Ἑμπειρία
3179 2071 3199 2100 ,
3249 2037 3380 2110 ope
3427 2012 3718 2111 Logices
3765 2025 3841 2088 et

774 2131 1209 2208 Dialectices
1257 2141 1527 2208 tantum
1552 2189 1571 2220 ,
1622 2133 1713 2206 ad
1762 2155 1991 2206 veram
2030 2155 2265 2206 rerum
2310 2131 2779 2230 cognitionem
2821 2133 3240 2208 adscendere
3283 2132 3553 2208 vellent.
3624 2134 3836 2212 Quod

780 2251 1304 2352 sapientissime
1355 2252 1527 2324 mihi
1574 2251 1923 2326 monuisse
1969 2251 2293 2326 videntur
2338 2250 2726 2349 philosophi
2767 2250 2910 2337 illi,
2963 2275 3009 2324 a
3044 2249 3310 2348 quibus
3347 2261 3583 2326 autem
3631 2275 3838 2328 sanae

784 2374 1187 2470 Empiricee
1242 2371 1602 2471 praeclaris
1657 2371 1965 2470 patronis
1985 2429 2005 2458 ,
2044 2373 2329 2446 omnino
2367 2371 2899 2468 distinguenda,
2952 2370 3196 2443 horum
3250 2370 3604 2469 principiis
3659 2371 3832 2446 abu-

784 2502 951 2566 tens
971 2548 990 2579 ,
1066 2515 1321 2590 magna
1392 2494 1923 2589 Empiristmmn
1998 2499 2287 2566 caterva.
2391 2491 2492 2564 Hi
2565 2489 2822 2564 scilicet
2898 2513 3145 2588 parum
3218 2489 3668 2563 attendentes·
3739 2491 3832 2564 ad

784 2611 1250 2686 certissimam
1324 2611 1633 2710 regulam
1659 2668 1677 2699 ,
1754 2610 2137 2686 seeundum
2212 2634 2424 2708 quam
2491 2607 2936 2707 Experientia
3004 2631 3136 2680 nos
3207 2607 3488 2682 omnino
3551 2607 3840 2682 edocere

790 2738 1029 2830 potest
1106 2755 1187 2804 ea
1210 2788 1229 2818 ,
1306 2755 1485 2829 quae
1557 2730 1689 2806 sub
1760 2755 2005 2806 sensus
2068 2729 2386 2804 cadentia
2443 2730 2549 2803 vel
2597 2737 2802 2804 antea
2826 2730 3131 2823 favunt
3171 2727 3278 2802 vel
3324 2735 3519 2815 eunt,
3569 2749 3832 2826 nequa·

792 2873 1013 2949 quam
1080 2857 1319 2924 autem
1390 2875 1511 2938 ea,
1586 2875 1767 2948 quae
1836 2850 1971 2924 sub
2038 2849 2323 2924 mutatis
2385 2847 2900 2924 conditionibus
2963 2846 3268 2922 accidere
3335 2850 3645 2946 possint,
3723 2847 3831 2936 hi,

794 2970 1089 3071 inquam
1111 3027 1131 3059 ,
1198 2969 1365 3045 fidei
1432 2969 1905 3061 Christianae,
1974 2981 2324 3071 quatenus
2399 2967 2841 3069 patefiactioni
2905 2966 3434 3067 supranatumls
3479 2965 3838 3056 innititur,

798 3088 1063 3165 bellum
1138 3088 1279 3163 iam
1346 3088 1779 3167 declararunt
1846 3090 2219 3165 acerbum·
2297 3090 2402 3163 Eo
2457 3088 2680 3187 magis
2730 3112 2968 3162 eorum
3031 3088 3403 3163 aucteritas
3448 3088 3638 3187 apud
3685 3112 3840 3187 per-

804 3207 1061 3281 multos
1115 3207 1409 3281 invaluit
1462 3208 1531 3283 in
1594 3209 1723 3283 hoc
1766 3209 2078 3297 saeculo,
2126 3208 2550 3284 Auctoritati
2591 3206 2995 3305 ceteroquin
3041 3206 3230 3281 haud
3277 3206 3485 3281 nimis
3515 3206 3842 3297 favente,

804 3326 965 3425 quia
1034 3326 1425 3426 opinionem
1502 3329 1941 3427 exponebant
1996 3328 2097 3403 illi
2160 3326 2612 3425 popularibus
2665 3334 2877 3424 atque
2927 3326 3360 3425 pulcerrimis
3412 3325 3696 3415 formis,
3745 3327 3837 3401 ad

808 3470 1038 3521 eorum
1108 3447 1318 3521 etiam
1386 3456 1677 3545 captum
1733 3448 2227 3537 accomodatis,
2300 3447 2424 3545 qui
2482 3447 2878 3544 ceteroquin
2923 3470 3060 3519 non
3115 3469 3533 3545 magnopere
3583 3446 3840 3521 initiati

808 3574 995 3641 erant
1064 3565 1575 3665 philosophiae,
1650 3594 1719 3665 q.
1776 3568 1845 3643 d.
1916 3567 2260 3667 mysteriis
2342 3565 2636 3665 magnis.
2737 3566 2950 3643 Quod
3003 3574 3237 3639 autem
3283 3564 3392 3638 his
3441 3565 3838 3663 Empiristis

810 3685 1165 3759 axiomatis
1208 3686 1299 3759 ad
1350 3686 1569 3761 instar
1610 3687 1903 3763 invaluit
1948 3687 2277 3786 placitum
2306 3745 2325 3775 ,
2375 3685 2610 3760 omnia
2651 3708 2826 3781 quae
2873 3708 3010 3757 non
3059 3683 3402 3757 naturalia
3449 3691 3614 3756 sunt
3659 3682 3834 3759 hane

809 3802 1021 3901 ipsam
1072 3804 1165 3878 ob
1212 3830 1493 3881 causam
1542 3806 1844 3883 absurda
1896 3832 2083 3893 esse,
2156 3806 2283 3881 hoc
2338 3806 2474 3879 alia
2518 3805 2768 3877 iterum
2816 3802 2926 3875 via
2977 3802 3362 3876 stabilitum
3419 3800 3733 3875 videmus
3783 3827 3826 3876 a

812 3922 1226 4023 philosophis
1290 3926 1697 4025 Heyeliania
1756 3927 1943 4001 haud
2000 3926 2263 4025 paucis.
2360 3925 2466 3997 Ex
2526 3924 2770 3997 horum
2827 3921 3066 3995 saltem
3115 3920 3356 4016 schola
3417 3922 3832 3993 Oriticismus

810 4040 877 4115 in
944 4045 1316 4117 Germania
1362 4046 1626 4119 exstitit
1653 4104 1671 4133 ,
1744 4046 1869 4145 qui
1916 4069 2179 4121 sacram
2229 4044 2578 4119 historiam
2629 4038 3034 4115 diiudicavit
3081 4066 3120 4113 e
3165 4038 3558 4139 principiis,
3603 4038 3826 4137 philo-

814 4161 1101 4259 sophicis
1171 4163 1499 4239 nimirum
1521 4222 1541 4253 ,
1612 4165 1685 4240 in
1738 4176 2169 4241 antecessum
2220 4163 2606 4261 conceptis,
2656 4170 2726 4236 at
2771 4160 2965 4235 nullo
3019 4160 3223 4233 modo
3269 4159 3576 4259 probatis
3596 4214 3616 4247 ,
3663 4158 3830 4234 fidei

812 4290 1040 4353 autem
1088 4281 1521 4357 Christianae
1568 4284 1772 4382 plane
1820 4286 2142 4361 adversis.
2244 4283 2530 4358 Exstitit
2577 4282 2991 4357 Idealismus
3011 4338 3030 4368 ,
3081 4280 3204 4378 qui
3245 4280 3438 4355 ideas
3481 4279 3834 4377 religiosas

814 4406 881 4471 et
944 4422 1053 4473 res
1116 4398 1189 4473 in
1240 4400 1423 4475 facto
1468 4403 1743 4500 positas:
1776 4404 1915 4478 sibi
1956 4405 2245 4482 invicem
2298 4402 2746 4501 opponendas
2797 4398 3036 4488 duxit,
3101 4408 3308 4497 atque
3361 4400 3641 4473 Christo
3693 4398 3832 4472 his·

812 4517 1019 4591 torico
1076 4516 1366 4593 idealem
1425 4521 1807 4598 substituit.
1906 4523 2193 4597 Exstitit
2242 4523 2590 4622 popularis
2642 4520 3170 4620 philosophandi
3219 4519 3430 4609 rati0,
3481 4543 3660 4618 quae
3703 4520 3831 4593 ite-

811 4659 1003 4723 rum,
1078 4636 1266 4734 quod
1337 4638 1424 4711 de
1500 4640 1775 4714 Socrate
1848 4664 2197 4729 ruamus,
2273 4640 2778 4740 philosophiam
2853 4662 2896 4713 a
2967 4638 3156 4713 coelo
3229 4662 3508 4712 avocare
3575 4636 3827 4726 voluit,

812 4776 1099 4851 eamque
1151 4754 1222 4827 in
1279 4755 1569 4834 urbibus
1614 4758 1939 4833 collocare
1987 4773 2055 4832 et
2107 4759 2179 4833 in
2234 4760 2474 4834 domos
2527 4759 2733 4831 etiam
2783 4754 3234 4833 introducere.
3337 4751 3550 4833 Quod
3593 4760 3827 4829 autem
