4728 5991
1626 536 1922 606 ORDO
1991 536 2644 606 LEGTIONUM.
3532 534 3664 603 415

815 748 1200 827 Historiam
1273 747 1664 822 Romanam
1731 769 1776 822 a
1841 743 2169 820 Gracchis
2229 767 2453 844 usque
2500 743 2591 820 ad
2646 744 2985 842 proelium
3036 741 3274 818 Actia·

917 891 1078 942 cum
1101 924 1120 954 ,
1172 864 1422 938 diebus
1471 863 1714 937 Lunae
1763 871 1834 937 et
1885 862 2174 952 Martis,
2226 863 2393 937 hora
2458 919 3275 944 ............
3534 860 3667 937 ΙΧ.

1018 986 1132 1059 die
1181 983 1510 1058 Mercurii
1527 1041 1550 1074 ,
1597 983 1768 1058 hora
1839 1037 1856 1060 .
1939 1037 3272 1061 ...................
3530 980 3666 1057 ΧΙ.

1019 1104 1132 1178 die
1180 1101 1364 1178 Iovis
1384 1157 1404 1190 ,
1455 1100 1622 1176 hora
1663 1155 3269 1182 .......................
3530 1099 3666 1176 IX.

633 1237 685 1300 Ι.
726 1236 776 1294 Ι.
818 1231 1218 1302 METZLAB,
1261 1221 1436 1296 Litt.
1481 1222 1746 1296 orient.
1783 1230 1854 1296 et
1882 1222 2385 1320 Antiquitatum
2417 1221 2633 1296 Hebr.
2668 1221 2874 1315 Pros.
2900 1223 3245 1298 extraord.
3262 1279 3284 1311 ,

730 1343 1045 1442 Linguae
1111 1339 1332 1414 Hebr.
1398 1339 1736 1414 elementa
1798 1339 2062 1427 tradet,
2127 1364 2288 1414 cum
2333 1341 2786 1439 grammatica
2836 1339 3289 1438 explicanda,

733 1470 884 1537 tum
933 1459 1290 1557 analyticis
1338 1457 1680 1560 enercitiis
1725 1459 2166 1534 moderandis
2215 1460 2329 1534 die
2378 1458 2628 1534 Martis
2648 1518 2667 1548 ,
2738 1459 2905 1533 hora
2974 1515 3283 1536 .....
3608 1459 3674 1534 Ι.

1029 1579 1141 1653 die
1188 1577 1519 1652 Mercurii
1566 1577 1736 1652 hora.
1813 1630 3279 1654 .....................
3570 1576 3674 1652 ῙῙ.

833 1699 1125 1776 Librum
1191 1698 1477 1769 Eoeodm
1538 1695 1954 1796 inscriptum
2022 1697 2360 1795 explicare
2430 1705 2673 1796 perget
2742 1697 2856 1777 die
2914 1696 3283 1786 Mercurii,

933 1815 1118 1890 horis
1154 1865 3279 1893 ..............................
3284 1814 3675 1891 VIIIetIX.

833 1933 1306 2032 Antiquitates
1355 1930 1832 2006 Hebraeorum
1883 1938 2181 2030 exponet
2227 1932 2342 2007 die
2396 1933 2683 2022 Martis,
2750 1933 2916 2008 hora
2983 1992 3286 2010 .....
3543 1933 3679 2010 XI.

1035 2053 1148 2126 die
1196 2050 1523 2138 Veneris,
1593 2051 1758 2124 hora
1807 2106 3285 2131 .....................
3422 2056 3556 2129 Iet
3579 2055 3680 2128 ΙΙ.

839 2171 1431 2249 Introductionem
1474 2169 1546 2242 in
1590 2169 1675 2243 V.
1722 2169 1801 2242 F.
1857 2168 2068 2243 libros
2117 2169 2346 2244 tradet
2397 2170 2508 2244 die
2554 2171 2844 2259 MartiS,
2894 2171 3079 2246 horis
3128 2223 3146 2242 .
3201 2231 3217 2246 .
3275 2171 3688 2249 ,VIIIetIX.

840 2295 1062 2372 Locos
1110 2290 1445 2389 quosdam
1497 2288 1780 2363 selectos
1828 2289 2152 2364 tractabit
2198 2289 2311 2363 die
2360 2288 2649 2363 Veneris
2667 2347 2687 2377 ‚
2754 2290 2939 2364 horis
2990 2348 3295 2370 .....
3296 2291 3685 2368 VIIIetIX.

845 2415 1266 2490 Litterarum
1325 2408 1540 2484 Arab.
1612 2407 1856 2482 Chald.
1925 2415 1996 2481 et
2065 2408 2499 2506 Syriacarum
2548 2404 2747 2482 initia
2792 2408 3070 2484 docebit
3115 2409 3301 2484 horis

944 2528 1376 2608 auditoribus
1425 2527 1827 2602 commodis.

657 2671 718 2730 S.
759 2664 1012 2726 SUSAN
1027 2709 1044 2736 ,
1085 2652 1505 2723 Blitea-arum
1555 2645 2058 2720 Hodiernarum
2103 2646 2350 2720 Lector
2368 2704 2388 2735 ,
2438 2646 2780 2721 Athenaei
2829 2646 3085 2722 civium
3103 2705 3123 2737 ‚
3181 2647 3305 2745 qui

755 2773 1052 2848 Litteras
1126 2767 1574 2842 Germanicas
1590 2823 1610 2853 ‚
1681 2765 2011 2864 Anglicas
2026 2823 2047 2855 ,
2114 2765 2392 2841 Italicas
2450 2775 2523 2839 et
2592 2767 2890 2842 Gallicas
2944 2767 3079 2840 sibi
3122 2767 3303 2841 tradi

759 2891 1081 2990 cupient,
1131 2885 1468 2961 desiderio
1516 2884 1764 2959 lubens
1805 2883 2198 2960 satisfaciet.
2298 2886 2499 2959 Idem
2543 2909 2706 2960 cum
2750 2886 3183 2961 auditoribus
3220 2886 3308 2960 de

763 3005 1158 3107 Shaksperii
1210 3006 1519 3078 dramate
1575 3006 1896 3081 Machetk
1944 3004 2270 3103 inscripto
2320 3004 2629 3080 disseret.

863 3124 1224 3223 Colloquia
1271 3123 1345 3197 in
1400 3122 1658 3221 linguis
1703 3122 2052 3197 hodiernis
2098 3123 2569 3198 moderabitur
2590 3182 2610 3211 ‚
2662 3125 2829 3200 hora
2880 3122 3313 3199 auditoribus

964 3244 1344 3322 commoda.

684 3839 1106 3939 Disciplinae
1159 3834 1681 3911 mathematicae
1728 3842 1798 3907 et
1847 3834 2168 3934 physicae
2190 3894 2209 3924 ,
2261 3836 2526 3911 litterae
2573 3837 2891 3937 Belgicae
2934 3846 3005 3911 et
3046 3838 3325 3912 historia

785 3957 1045 4057 patriae
1065 4014 1085 4043 ‚
1172 3960 1434 4028 ceterae
1509 3952 1894 4039 doctrinae,
1979 3978 2158 4051 quae
2246 3954 2547 4029 alumnis
2622 3956 2964 4032 Athenaei
3048 3956 3325 4055 linguae

786 4076 1074 4153 Latinae
1150 4098 1287 4148 non
1365 4073 1603 4172 peritis
1680 4071 1885 4146 utiles
1951 4097 2102 4145 esse
2172 4084 2501 4171 possunt,
2579 4101 2891 4151 sermone
2969 4076 3329 4152 tradentur

794 4194 1176 4268 vernaculo,
