4728 5991
956 592 1037 653 86
1918 591 2303 660 SERIES
2372 592 3026 662 LECTIONUM.

1148 795 1428 870 Scholas
1489 805 1722 872 autem
1800 798 1888 872 de
1954 800 2361 899 Pathologia
2409 801 2700 899 aliisque
2746 799 3126 900 disciplinis
3171 800 3458 873 medicis
3505 800 3594 875 ad

1245 916 1471 989 valvas
1540 917 1957 991 Academiae
2024 919 2361 994 indicabit
2423 920 2523 1007 ia,
2599 920 2722 1017 qui
2783 929 3134 995 vacantem
3201 918 3597 994 cathedram

1239 1035 1561 1134 explebit.

1958 1177 2457 1253 FACULTAS
2508 1177 2983 1252 IURIDICA.

946 1406 1021 1463 Η.
1069 1407 1141 1463 G.
1184 1406 1604 1478 TYDEMAN,
1646 1395 2107 1469 Emeritatum
2147 1403 2394 1469 nactus
2438 1406 2509 1470 et
2559 1421 2834 1470 cessans
2875 1421 2916 1468 a
2962 1394 3589 1481 PraelectionibuS,

1041 1538 1177 1587 non
1240 1523 1472 1588 tamen
1518 1512 1817 1588 cessabit
1868 1515 1939 1587 in
1994 1514 2388 1588 studiorum
2436 1539 2717 1589 suorum
2763 1514 2992 1588 fructu
3035 1513 3353 1588 lubenter
3398 1539 3586 1589 com·

1041 1634 1480 1709 municand0.

940 1767 1018 1825 H.
1062 1765 1273 1827 COCK
1313 1755 1542 1829 tradet
1583 1756 1705 1828 Ius
1756 1755 2113 1853 gentium,
2166 1753 2415 1827 diebus
2467 1754 2747 1840 Lunae,
2801 1754 3048 1827 Martis
3093 1764 3164 1827 et
3219 1752 3590 1839 Mercurii,
3640 1750 3808 1825 hora
3837 1750 3972 1823 IX.

1134 1876 1258 1947 Ius
1302 1875 1691 1961 criminale,
1743 1874 1992 1948 diebus
2042 1873 2323 1960 Lunae,
2379 1875 2627 1947 Martis
2668 1888 2738 1946 et
2788 1873 3114 1947 Mercurii
3130 1930 3584 1960 .......
3883 1865 3975 1941 Χ.

1128 1996 1253 2067 Ius
1306 1994 1616 2068 naturale
1639 2052 1659 2081 ,
1710 1994 1959 2068 diebus
2006 1994 2247 2067 Lunae
2269 2052 2288 2080 ‚
2340 1993 2591 2067 Martis
2636 2002 2707 2066 et
2759 1993 3127 2079 Mercurii,
3200 2048 3581 2066 ......
3843 1986 3975 2062 XI.

1130 2114 1467 2187 Ordinem
1536 2113 1962 2187 Iudiciorum
2030 2112 2536 2199 criminalium,
2589 2112 2838 2185 diebus
2879 2112 3164 2198 Lunae,
3217 2111 3467 2184 Martis
3519 2118 3590 2183 et

1222 2233 1552 2306 Mercurii
1573 2291 1592 2320 ‚
1664 2286 3584 2319 ...........................
3802 2224 3976 2299 XII.

1128 2353 1249 2425 Ius
1294 2352 1691 2450 publicum,
1742 2351 1993 2425 diebus
2038 2350 2320 2439 Lunae,
2374 2352 2622 2425 Martis
2675 2363 2745 2425 et
2789 2351 3116 2424 Mercurii
3133 2404 3574 2437 .......
3871 2346 3972 2419 II.

931 2484 976 2540 Ι.
1027 2483 1124 2541 DE
1172 2483 1346 2543 WAL
1390 2471 1800 2546 valetudinis
1856 2496 2065 2546 causa
2126 2496 2169 2545 a
2234 2471 2430 2569 Rege
2475 2471 2894 2545 vacationem
2953 2470 3261 2543 muneris
3308 2492 3430 2567 per
3477 2466 3582 2541 in·

1027 2602 1299 2688 tegrum
1348 2614 1613 2665 annum
1662 2591 1959 2689 adeptus
2002 2598 2128 2664 est.

928 2725 984 2779 s,
1030 2723 1443 2782 VISSERING
1486 2712 1911 2785 Statisticam
1954 2710 2224 2784 Patriae
2274 2710 2686 2807 explicabit,
2721 2709 2970 2783 diebus
3009 2707 3292 2796 Lunae,
3331 2708 3582 2782 Martis

1025 2843 1093 2902 et
1150 2831 1513 2917 Mercurii,
1583 2883 3572 2904 ............................
3839 2824 3970 2899 ΧΙ.

1126 2948 1505 3022 Historiam
1558 2948 1874 3046 Europae
1924 2946 2480 3045 diplomaticam,
2529 2947 2778 3021 iisdem
2824 2946 3109 3036 diebua,
3178 3004 3197 3023 .
3271 3005 3288 3021 .
3347 3005 3362 3022 .
3417 3005 3434 3022 .
3490 3005 3507 3022 .
3561 3003 3582 3023 .
3911 2946 3972 3020 Ι.

1121 3068 1614 3142 Oeconomiam
1662 3067 2011 3166 politicam
2034 3123 2055 3154 ,
2107 3065 2219 3140 die
2265 3066 2450 3140 Iovis
2470 3122 3574 3155 ................
3655 3065 3765 3140 XI
3794 3073 3868 3140 et
3891 3065 3971 3152 I,

1316 3195 1389 3260 et
1429 3185 1542 3260 die
1581 3186 1871 3260 Veneris
1889 3239 3576 3274 ........................
3835 3183 3968 3258 XI.

1123 3304 1547 3404 Disputandi
1588 3305 1911 3381 exercitia
1948 3301 2428 3380 'moderabitur
2447 3364 2467 3394 ,
2517 3305 2768 3381 diebus
2813 3313 2884 3379 et
2918 3304 3102 3380 horis
3143 3304 3580 3380 auditoribus

1216 3425 1619 3500 commodis.

926 3560 994 3618 R.
1038 3559 1106 3617 T.
1151 3557 1228 3618 H.
1272 3557 1335 3616 P.
1376 3555 1445 3616 Ι..
1490 3560 1559 3616 Α.
1600 3556 1767 3615 vAN
1811 3553 2189 3618 ΒοΝΕνΑῐ.
2228 3556 2492 3616 Fauna
2537 3546 2660 3618 Ius
2701 3543 2899 3619 civile
2925 3541 3338 3618 hodiernum
3365 3543 3576 3618 inter-

1023 3663 1451 3763 pretabitur,
1502 3662 1615 3736 die
1662 3663 1845 3736 Iovis
1864 3718 3571 3751 ........................
3771 3659 3968 3749 XII,

1305 3783 1419 3857 die
1456 3781 1779 3870 Veneria,
1848 3841 1865 3857 .
1934 3831 3570 3859 .......................
3623 3779 3772 3856 XII
3799 3789 3870 3856 et
3903 3781 3964 3856 Ι.

1308 3911 1381 3977 et
1432 3903 1547 3976 die
1588 3902 1871 3978 Saturni
1889 3955 3568 3991 ........................
3827 3899 3964 3974 XI.

1112 4022 1367 4121 Legem
1424 4021 1849 4096 Iudiciorum
1901 4023 2322 4120 privatorum
2346 4081 2367 4110 ,
2415 4021 2674 4097 additis
2712 4018 3316 4095 exercitationibus
3349 4018 3572 4094 foren-

1208 4140 1439 4228 sibu8‚
1490 4140 1739 4214 diebus
1788 4141 2031 4215 Lunae
2053 4200 2073 4229 ,
2125 4143 2377 4216 Martia
2423 4152 2496 4217 et
2539 4139 2872 4216 Mercurii
2886 4194 3568 4229 ..........
3827 4137 3961 4213 XI.

1114 4259 1237 4332 Ius
1281 4259 1773 4333 Mercatorium
1797 4316 1819 4345 ,
1868 4259 2117 4336 diebus
2164 4262 2388 4348 Iovis,
2433 4259 2724 4335 Veneris
2767 4266 2841 4334 et
2883 4258 3167 4333 Saturni
3184 4314 3561 4346 ......
3865 4256 3962 4331 X.

916 4391 965 4450 1.
1008 4390 1079 4450 Ε.
1122 4387 1535 4450 GOUDSMIT
1574 4378 2067 4477 interpretatur
2093 4379 2466 4454 Iustiniani
2483 4380 3000 4464 Instituttbnes,
3021 4375 3270 4452 diebus
3288 4378 3565 4465 Lunae,

1018 4494 1300 4584 Martie,
1348 4494 1723 4582 Mercurii,
1774 4495 1960 4568 Iovis
2006 4507 2077 4568 et
2120 4494 2452 4584 Veneria,
2525 4553 3568 4572 ...............
3767 4493 3920 4568 XII
3940 4552 3965 4584 ,

1308 4625 1381 4688 et
1432 4614 1547 4688 die
1602 4613 1919 4701 Saturni,
1990 4671 2009 4689 .
2084 4664 3562 4692 .....................
3824 4611 3962 4688 IX.

1110 4737 1405 4836 Dtyeata
1424 4790 1444 4822 ,
1496 4732 1749 4808 diebus
1792 4732 2033 4809 Lunae
2055 4790 2077 4823 ,
2127 4733 2380 4808 Martis
2404 4790 2426 4823 ,
2472 4733 2804 4808 Mercurii
2822 4790 2847 4822 ,
2894 4733 3078 4808 Iovis
3117 4741 3191 4808 et
3233 4733 3522 4811 Veneris
3543 4792 3566 4823 ,
3823 4731 3962 4806 IX.
