4728 5991
1027 626 1069 690 8
2212 625 2282 692 Ρ.
2372 627 2892 693 L.RYKE

1026 839 1184 906 tura
1228 830 1533 905 chemica
1579 855 1976 930 corporum,
2025 855 2066 904 a
2114 829 2373 928 quibus
2420 831 2857 908 emittuntur.
2931 832 3127 911 Quid
3172 832 3421 931 plura?
3494 832 3733 907 Unum
3772 833 4070 923 addam,

1023 974 1166 1048 quo
1223 948 1332 1023 vix
1383 949 1608 1036 maius
1663 950 2046 1049 quidquam
2097 951 2474 1051 excogitari
2525 977 2727 1050 posse
2780 951 3091 1028 videtur:
3148 961 3381 1027 nostra
3439 959 3665 1027 aetate
3707 951 4070 1028 inventum

1027 1079 1175 1158 est,
1250 1077 1328 1144 ut
1399 1076 1758 1144 ventorum
1835 1079 2324 1169 tempestatum
2402 1077 2503 1145 vis
2572 1072 2992 1172 interrogata
3063 1072 3248 1146 unde
3314 1072 3542 1146 veniat
3607 1095 3831 1169 quove
3889 1072 4072 1146 itura

1022 1190 1156 1278 sit,
1207 1197 1800 1290 percunctatorem
1859 1215 1996 1264 non
2051 1189 2443 1264 frustretur.

1120 1311 1322 1387 Quae
1383 1309 1616 1384 omnia
1683 1319 1916 1384 tantae
1963 1308 2282 1384 utilitatis
2322 1308 2641 1408 tantique
2690 1307 3038 1384 commodi
3090 1315 3255 1382 sunt
3306 1307 3587 1381 inventa
3635 1307 3899 1406 ingenii
3940 1307 4069 1382 hu·

1021 1429 1254 1516 mani,
1309 1438 1388 1503 ut
1437 1429 1542 1504 vel
1596 1429 2154 1528 imperitissimus
2203 1428 2499 1528 quisque
2543 1427 2693 1502 iure
2743 1453 2869 1503 suo
2916 1453 3076 1504 cum
3124 1433 3327 1526 poeta
3378 1424 3748 1500 exclamet:
3898 1477 3903 1482 ·

1116 1550 1367 1625 Prisca
1415 1552 1644 1624 iuvent
1690 1551 1864 1623 alios
1879 1585 1904 1632 ;
1959 1575 2076 1648 eqo
2127 1575 2228 1624 me
2278 1574 2454 1622 nunc
2500 1550 2787 1648 denique
2836 1555 3063 1622 natum

1121 1670 1448 1742 Gratulor
1467 1704 1496 1753 ,-

1117 1785 1242 1882 qui
1295 1793 1527 1860 autem
1583 1785 1941 1884 aliquanto
1995 1785 2350 1885 peritiores
2408 1794 2610 1873 sunt,
2662 1785 2971 1860 animum
3034 1785 3385 1859 advertere
3428 1791 3803 1884 cogantur,
3855 1807 4066 1883 quam

1015 1903 1340 1983 mirificos
1397 1914 1469 1980 et
1527 1929 1679 1982 vere
1728 1905 2108 2006 stupendos
2129 1964 2148 1992 ‚
2221 1905 2348 1982 hac
2410 1913 2645 1982 nostra
2696 1913 2919 1980 aetate
2936 1963 2957 1992 ,
3023 1905 3099 1980 in
3162 1905 3291 1978 hoc
3362 1903 3645 2002 quidem
3720 1903 4069 1980 doctrinae

1014 2048 1307 2124 genere,
1359 2049 1766 2124 progressus
1807 2025 2168 2124 ingenium
2217 2025 2608 2100 humanum
2668 2023 2925 2100 fecerit.

1115 2147 1318 2236 Quae
1359 2169 1581 2244 quum
1632 2144 1732 2222 ita
1777 2144 1916 2220 sint
1936 2203 1955 2231 ‚
2029 2144 2138 2216 vix
2191 2142 2445 2218 mirum
2496 2141 2713 2216 videri
2760 2139 3017 2240 poterit
3036 2197 3057 2227 ,
3108 2139 3167 2214 si
3208 2149 3582 2238 quaeratur
3600 2199 3619 2229 ,
3666 2167 3843 2242 quae
3878 2165 4067 2216 caue·

1011 2287 1134 2342 eae
1197 2265 1340 2340 sint
1351 2321 1370 2351 ,
1436 2267 1618 2363 quod
1631 2321 1650 2350 ,
1711 2266 2120 2366 praesertim
2177 2265 2252 2336 in
2293 2263 2603 2359 physicis
2658 2263 2905 2360 studiis
2920 2317 2941 2347 ,
3006 2261 3187 2334 tanti
3224 2262 3425 2352 facti
3474 2269 3635 2336 eunt
3664 2285 4069 2359 prqqreme

1011 2384 1088 2460 in
1155 2383 1284 2456 hac
1351 2385 1560 2456 seculi
1578 2440 1597 2469 ,
1669 2385 1850 2482 quod
1915 2385 2224 2468 vivimus,
2295 2389 2503 2478 parte
2554 2383 2813 2479 priori,
2887 2385 3189 2477 quantos
3253 2378 3328 2451 in
3396 2378 3591 2454 nullo
3644 2377 4067 2477 reliquarum

1013 2499 1537 2599 disciplinarum
1601 2525 1854 2600 genere
1923 2501 2142 2576 factos
2205 2525 2355 2576 esse
2428 2524 2567 2576 una
2639 2500 2953 2574 omnium
3016 2521 3147 2574 vox
3216 2506 3324 2574 est
3390 2497 3845 2574 consentiens.
3948 2499 4068 2574 Ad

1010 2645 1224 2720 quam
1281 2620 1758 2720 quaestionem
1819 2621 1988 2699 dum
2055 2621 2193 2698 hac
2235 2621 2401 2696 hora
2464 2645 2591 2720 pro
2640 2619 2901 2696 viribus
2952 2618 3365 2717 respondere
3426 2617 3765 2706 conabor,
3817 2616 4065 2696 huma·

1009 2741 1292 2820 nissime
1339 2765 1462 2816 vos
1509 2748 1786 2840 rogatos
1831 2765 1982 2816 esse
2031 2741 2236 2818 velim
2257 2799 2276 2829 ,
2323 2739 2701 2816 Auditores
2727 2799 2747 2827 ,
2798 2747 2878 2814 ut
2922 2737 3253 2816 benevole
3302 2763 3415 2814 me
3458 2740 3701 2824 audire
3754 2738 3999 2816 velitis.

1113 2977 1382 3057 Causas
1437 2978 1654 3079 igitur
1713 2979 1885 3055 mihi
1931 2945 2302 3079 cogitanti,
2370 3005 2551 3079 quae
2600 2978 2988 3069 effecerint,
3050 2987 3129 3055 ut
3180 2976 3492 3056 studium
3540 2976 4063 3077 disciplinarum
4139 2959 4161 2980 ⁸
4250 2987 4261 3000 '

1015 3097 1660 3177 mathematicarum
1731 3124 1812 3177 ac
1877 3098 2318 3199 physicarum
2378 3100 2585 3199 longe
2646 3100 2939 3177 maiores
2962 3157 2983 3188 ‚
3046 3124 3267 3201 quam.
3318 3097 3617 3197 quodvis
3668 3096 3861 3173 aliud
3910 3105 4059 3172 stu-

1015 3214 1212 3294 dium
1235 3276 1254 3306 ,
1297 3243 1703 3318 progressus
1757 3218 1998 3295 fecerit
2015 3277 2036 3309 ,
2085 3220 2310 3319 prima
2351 3220 2639 3319 quidem
2682 3220 2849 3297 haec
2900 3244 3049 3297 sese
3092 3218 3297 3295 nobis
3330 3218 3531 3296 offert
3568 3241 3777 3297 causa
3797 3274 3819 3306 ,
3866 3217 4063 3315 quod

1012 3334 1138 3433 qui
1205 3334 1330 3411 has
1399 3333 1802 3434 disciplinas
1869 3336 2275 3413 excolebant
2295 3396 2317 3426 ,
2389 3362 2529 3415 non
2598 3363 2753 3417 eam
2813 3338 3183 3415 tribuerint
3236 3340 3657 3415 Graecorum
3708 3338 4059 3417 Romano·

1009 3476 1306 3551 rumque
1375 3453 1750 3531 eruditioni
1829 3457 2302 3535 auctoritatem
2322 3517 2344 3547 ,
2412 3484 2589 3557 quae
2654 3460 2945 3536 aliarum
3010 3459 3531 3560 disciplinarum
3606 3457 3903 3535 cultores
3974 3482 4059 3533 eo

1009 3572 1376 3671 perduxit,
1446 3580 1528 3647 ut
1593 3574 1912 3673 quemvis
1977 3574 2232 3652 frustra
2279 3577 2589 3655 laborare
2640 3588 3036 3669 censerent,
3086 3580 3211 3677 qui
3259 3586 3523 3654 veteres
3570 3577 3723 3652 illos
3762 3575 4059 3675 populos

1008 3690 1080 3767 in
1143 3691 1285 3768 ullo
1345 3692 1600 3769 artium
1673 3692 2200 3771 scientiarumve
2271 3721 2525 3796 genere
2583 3740 2677 3755 -
2746 3723 2887 3774 non
2952 3699 3175 3777 dicam
3242 3698 3551 3799 superari
3606 3740 3703 3755 —
3760 3696 3885 3773 sed
3948 3696 4059 3773 vel

1009 3813 1436 3913 aequiparari
1492 3838 1696 3913 posse
1747 3813 2220 3891 arbitraretur.
2315 3816 2467 3891 Nec
2514 3840 2714 3907 sane,
2781 3819 2973 3916 quod
3020 3845 3103 3895 ex
3156 3818 3441 3894 historia
3488 3816 3809 3895 novimus
3827 3872 3848 3904 ,
3896 3822 4055 3914 post

1005 3942 1279 4012 renatas
1327 3934 1398 4009 in
1439 3934 1642 4011 Italia
1691 3934 1990 4023 litteras,
2041 3936 2515 4013 mathematici
2556 3945 2630 4013 et
2664 3937 2931 4037 physici
2972 3963 3055 4015 eo
3102 3963 3175 4013 se
3214 3937 3473 4013 abduci
3514 3935 3661 4035 pati
3694 3941 4049 4033 poterant,

1007 4076 1150 4151 quo
1209 4052 1627 4151 reliquorum
1691 4054 1832 4129 fere
1903 4056 2354 4153 cogitationes
2412 4056 2781 4156 perductas
2836 4082 2987 4133 esse
3034 4065 3325 4135 constat.
3425 4056 3816 4155 viguerant
3864 4051 4051 4127 enim

1007 4170 1284 4247 dudum
1337 4172 1412 4249 in
1473 4173 1678 4249 Italia
1725 4182 2016 4251 naturae
2067 4200 2441 4276 rerumque
2492 4176 2913 4253 naturalium
2966 4176 3199 4253 studia
3216 4235 3237 4267 ,
3287 4199 3467 4274 quae
3520 4172 3610 4249 ab
3654 4170 4011 4247 Arabibus
4027 4228 4048 4260 ,

1007 4291 1134 4389 qui
1176 4291 1592 4391 Hispaniam
1647 4292 2089 4392 Siciliamque
2113 4294 2545 4385 incolebant,
2576 4296 2871 4373 excitata
2897 4303 3094 4373 erant
3116 4356 3137 4387 ‚
3182 4302 3395 4395 atque
3424 4290 3833 4371 commercio
3858 4288 4053 4389 quod

1004 4411 1170 4487 Itali
1235 4410 1586 4487 habebant
1651 4436 1812 4489 cum
1885 4414 2128 4491 ineolis
2173 4414 2379 4514 longe
2420 4415 2744 4491 distantis
2790 4416 3097 4493 Orientis
3146 4413 3749 4517 promovebantur.
3822 4408 4051 4485 Simul

1003 4530 1192 4607 enim
1238 4539 1452 4631 atque
1505 4538 1812 4608 veterum
1859 4535 2115 4634 scripta
2155 4534 2569 4635 investigare
2597 4544 2972 4635 coeperunt
3000 4544 3287 4611 naturae
3324 4532 3787 4634 exploratores
3808 4585 3829 4617 ,
3886 4552 4049 4603 mox

1005 4651 1328 4730 viderunt
1353 4674 1491 4725 non
1525 4651 1750 4727 solum
1780 4652 1953 4729 nihil
1981 4655 2266 4731 omnino
2287 4654 2451 4731 inde
2478 4654 2735 4731 hauriri
2758 4679 2961 4753 posse
2981 4713 3002 4744 ,
3040 4656 3228 4754 quod
3258 4654 3643 4740 nescirent,
3670 4647 3794 4725 sed
3818 4671 4047 4723 rerum

1003 4780 1504 4873 perspexerunt
1545 4770 1753 4849 etiam
1808 4773 2142 4873 plurimas
2185 4799 2336 4851 esse
2358 4833 2380 4864 ,
2427 4798 2609 4872 qnae
2656 4798 2737 4850 ea
2780 4782 3005 4850 aetate
3046 4775 3294 4851 melius
3342 4777 3789 4849 noscerentur
3836 4790 4049 4865 quam
