4728 5991
1161 595 1290 660 144
1565 673 1572 678 ,
2326 589 3019 678 G.1.1.0NCQ

1157 802 1393 874 luridae,
1451 801 1546 863 ubi
1601 814 2010 862 nosvenanuu
2029 843 2044 870 ,
2101 815 2418 872 nannum,
2462 815 2923 865 ocerannrnuu
2968 809 3025 864 et
3064 819 3521 867 sannxronrruu
3564 808 3762 872 babuit
3803 815 4192 892 praeceptores.

1157 905 1586 969 candidatorum
1646 904 1704 962 in
1760 921 2045 963 numerum
2099 909 2346 983 receptus
2402 902 2707 965 studiorum
2760 925 2923 966 causa
2966 907 3205 986 primum
3252 907 3533 970 Lutetiam
3587 910 3921 973 Parisiorum
3940 959 3956 986 ,
3998 911 4189 975 deinde

1153 1007 1468 1070 Londinum
1488 1051 1506 1079 ,
1561 1008 1754 1087 postea
1805 1003 2190 1081 Edinburgum
2245 1004 2425 1086 petiit.
2502 1008 2573 1066 In
2616 1007 2848 1087 patriam
2890 1007 3063 1070 redux
3102 1009 3439 1091 summisque
3476 1012 3536 1072 in
3578 1013 3853 1075 medicina
3892 1015 4189 1077 bonoribus

1153 1133 1188 1172 a
1244 1116 1440 1172 senatu
1497 1107 1810 1171 academico
1871 1105 2387 1185 Lugduno·Batavo
2440 1115 2667 1170 ornatus
2683 1155 2701 1181 ‚
2754 1129 2855 1190 per
2892 1129 3097 1173 novem·
3134 1111 3397 1192 deinceps
3438 1133 3617 1174 annos
3636 1158 3652 1187 ,
3696 1116 3897 1196 partim
3939 1105 4190 1190 Zwollae,

1153 1213 1353 1296 partim
1407 1219 1466 1273 et
1515 1209 1766 1292 inprimis
1821 1209 2044 1289 quidem
2103 1209 2300 1287 Hagae
2354 1210 2591 1272 Comitis
2626 1217 2800 1273 artem
2842 1215 3135 1275 salutarem
3172 1213 3429 1290 religiose
3468 1217 3760 1278 factitavit.
3838 1218 4034 1280 Lentis
4075 1239 4191 1280 con·

1153 1315 1459 1378 ditionibus
1498 1313 1849 1392 Moguntiam
1888 1319 2114 1374 vocatus
2130 1358 2147 1386 ,
2205 1313 2298 1374 ubi
2337 1313 2673 1375 Professoris
2714 1322 2771 1375 et
2814 1314 3091 1376 Archiatri
3132 1314 3407 1394 dignitate
3446 1317 3716 1380 frueretur
3730 1365 3749 1396 ,
3789 1321 4007 1383 abnuit.
4070 1305 4193 1382 'Ab-

1153 1421 1276 1482 nuit
1324 1419 1519 1479 itidem
1573 1417 1890 1478 cathedram
1947 1415 2453 1478 Harderoricenam
2496 1437 2531 1476 a
2570 1431 2824 1477 canusio
2864 1425 3216 1499 praeceptore
3256 1419 3525 1482 relictam.
3608 1423 3843 1504 Accepit
3882 1443 4016 1485 vero
4058 1425 4193 1484 Gro-

1151 1524 1458 1602 ninganam
1496 1541 1643 1582 anno
1693 1523 1846 1582 1794
1863 1565 1878 1592 ‚
1921 1537 2155 1598 eamque
2191 1520 2437 1599 quinque
2474 1519 2707 1600 amplius
2747 1522 2921 1580 lustra
2954 1520 3037 1582 ita
3074 1522 3325 1595 ornavit,
3386 1529 3449 1584 ut
3484 1525 3709 1585 nemine
3748 1526 3915 1586 fuerit
3954 1525 4193 1587 inferior.

1154 1626 1426 1688 Excelluit
1477 1623 1781 1685 eruditione
1801 1669 1814 1694 ,
1871 1622 2093 1682 solertia
2108 1667 2124 1694 ,
2178 1622 2465 1683 industria.
2562 1623 2793 1702 Scripsit
2848 1630 2907 1684 et
2956 1623 3133 1684 edidit
3182 1627 3357 1687 multa
3410 1645 3583 1706 esque
3621 1629 3928 1708 praeclara,
3971 1629 4191 1708 practici

1153 1728 1500 1811 potissimum
1563 1726 1892 1805 argumenti.
1987 1727 2172 1804 Atque
2231 1745 2357 1786 cum
2416 1725 2505 1786 his
2522 1769 2537 1797 ,
2596 1731 2713 1786 tum
2764 1707 3057 1807 disciplina
3108 1747 3205 1788 sua
3220 1773 3235 1800 ,
3298 1747 3401 1789 nec
3454 1729 3635 1791 minus
3692 1731 4089 1794 consuetudine
4140 1737 4193 1792 et

1153 1831 1528 1894 familiaritate
1545 1874 1560 1903 ,
1615 1849 1782 1908 quam
1837 1833 1894 1890 et
1943 1827 2004 1887 in
2061 1827 2240 1908 patria
2294 1833 2483 1888 nostra
2531 1834 2589 1888 et
2630 1828 2690 1888 in
2732 1829 2915 1890 Gallia
2934 1875 2947 1900 ,
2991 1830 3321 1903 Germania,
3366 1832 3491 1893 aliis
3530 1833 3851 1910 regionibus
3892 1855 4021 1895 cum
4061 1834 4192 1916 opti·

1153 1935 1394 1996 metibus
1451 1938 1510 1993 et
1567 1931 1821 2003 eruditis,
1881 1929 2138 2011 inprimis
2195 1927 2460 2003 medicis,
2520 1937 2899 2002 contraxerat,
2955 1929 3037 1990 ita
3086 1931 3343 1992 inclaruit
3398 1927 3715 2013 famamque
3754 1936 4047 1996 collectam
4086 1941 4191 1996 tam

1156 2037 1378 2116 egregie
1437 2034 1814 2106 conservavit,
1869 2039 1932 2094 ut
1971 2033 2040 2094 ad
2081 2038 2389 2096 extremum
2430 2050 2598 2111 usque
2642 2032 2787 2093 vitae
2826 2032 3133 2094 honoribus
3172 2033 3477 2096 cumulatus
3516 2035 3623 2106 sit,
3665 2055 3803 2115 quos
3846 2035 3993 2096 inter
4028 2031 4189 2109 tales,

1156 2140 1250 2221 qui
1291 2159 1417 2200 raro
1459 2139 1592 2200 viris
1627 2137 1804 2198 doctis
1837 2135 2190 2215 contingunt.
2267 2135 2681 2213 sexagesimum
2722 2135 2915 2196 aetatis
2956 2155 3163 2197 annum
3204 2136 3300 2197 vix
3338 2142 3631 2214 exegerat,
3665 2155 3837 2216 quum
3871 2137 4192 2198 valetudinis

1158 2262 1320 2305 causa
1359 2241 1493 2304 rude
1532 2243 1764 2302 donatus
1803 2247 1886 2301 est
1901 2284 1919 2312 ,
1957 2239 2122 2319 idque
2136 2283 2153 2311 ,
2197 2238 2463 2316 singulari
2496 2238 2670 2316 Regis
2706 2237 3076 2314 augustissimi
3114 2240 3303 2300 favore
3320 2285 3337 2310 ,
3382 2241 3535 2300 salvo
3570 2240 3785 2300 honore
3816 2249 3877 2300 et
3904 2241 4191 2321 stipendio.

1158 2345 1321 2407 Obiit
1379 2364 1526 2406 anno
1592 2347 1768 2404 1832.
1851 2341 1942 2402 cf.
2005 2355 2291 2402 amasam
2351 2355 2697 2401 summan
2763 2341 2997 2412 Ονιιείο,
3044 2342 3265 2416 publia
3314 2341 3511 2401 habita
3566 2341 3881 2418 &oni-qao
3934 2363 3993 2402 a.
4032 2345 4087 2404 d.
4128 2359 4189 2404 11

1162 2449 1417 2511 Octobris
1455 2461 1886 2508 ololocccxxxn
1901 2491 1916 2518 ,
1958 2463 2074 2504 cum
2113 2443 2500 2520 may-istrum
2540 2443 2916 2506 Academicum
2956 2443 3245 2522 deponeret
3261 2489 3277 2518 ,
3320 2465 3378 2525 p.
3427 2448 3499 2505 18
3542 2463 3693 2524 seqq.

1237 2551 1318 2628 ⁸⁹)
1377 2551 1698 2612 Consanus
1759 2565 2077 2609 annianus
2131 2561 2348 2617 oua-nn
2362 2591 2379 2620 ,
2438 2567 2471 2607 e
2524 2567 2669 2628 pago
2706 2546 3021 2625 Naaldwijk
3080 2545 3393 2608 Hellandus
3410 2591 3424 2617 ,
3468 2565 3609 2607 unus
3650 2566 3683 2608 e
3720 2546 4059 2610 doctissimis
4096 2549 4193 2610 luit

1153 2655 1458 2735 iisdemque
1513 2651 2000 2735 experientissimis
2060 2649 2270 2732 patriae
2329 2655 2553 2710 nostrae
2609 2649 2855 2711 medicis.
2938 2653 3107 2710 Anno
3172 2652 3327 2714 1⁷76
3388 2655 3579 2724 natus,
3642 2655 3935 2731 postquam
3996 2671 4032 2712 a
4080 2653 4191 2712 solo

1153 2763 1308 2840 patre
1325 2803 1340 2832 ,
1397 2771 1712 2818 nunonrno
1766 2770 1980 2814 curun
1997 2799 2012 2826 ,
2072 2753 2228 2814 verbi
2279 2751 2459 2814 divini
2499 2749 2755 2814 ministro
2770 2799 2785 2826 ,
2844 2772 2909 2813 ea
2948 2753 3135 2814 omnia
3172 2752 3471 2825 didicerat,
3512 2753 3713 2834 quibus
3750 2752 3823 2814 ad
3860 2753 4193 2815 academica

1153 2861 1420 2922 lectiones
1455 2859 1562 2918 rite
1602 2863 2042 2938 praepararetur,
2097 2853 2306 2916 Leidae
2345 2874 2473 2916 cum
2515 2855 2639 2916 aliis
2652 2899 2669 2929 ,
2712 2861 2833 2916 tum
2872 2854 3125 2937 inprimis
3164 2853 3395 2918 medicis
3434 2853 3737 2937 disciplinis
3776 2875 4004 2936 operam
4036 2876 4191 2918 nava·

1155 2963 1237 3025 vit
1253 3010 1267 3033 ,
1309 2977 1710 3023 sanmroarxo
1749 2962 2060 3035 (anuaano
2098 2955 2332 3040 scilicet)
2347 3003 2362 3032 ‚
2406 2975 2851 3031 oosrnnmxm,
2892 2973 3211 3021 naamam
3228 3005 3246 3033 ,
3286 2973 3675 3021 sacomam
3712 2965 3883 3039 atque
3924 2973 4192 3021 turmo

1157 3071 1268 3142 (nu
1304 3065 1432 3145 rm)
1471 3061 1776 3145 praecipuis
1816 3082 1942 3123 usus
1981 3062 2445 3142 praeceptoribus.
2527 3064 2695 3123 Anno
2744 3064 2895 3125 1797
2917 3107 2932 3134 ,
2976 3062 3195 3144 publice
3232 3058 3461 3124 defensa
3500 3062 3887 3124 dissertatione
3922 3064 3993 3123 de
4032 3068 4193 3123 morte

1156 3176 1215 3229 et
1263 3169 1427 3229 varia
1477 3166 1741 3227 morimds'
1791 3167 2014 3227 ratione
2027 3212 2046 3241 ,
2100 3164 2413 3227 Medicinae
2468 3165 2683 3227 Doctor
2732 3172 2947 3227 creatus
2988 3164 3303 3227 Londinum
3344 3164 3539 3247 petiit,
3600 3176 3663 3226 ut
3697 3164 3759 3225 in
3800 3166 4003 3247 amplis
4039 3164 4191 3227 buius

1159 3270 1399 3333 civitatis
1449 3268 1780 3330 nosocomiis
1831 3268 2094 3329 maiorem
2145 3268 2253 3329 sibi
2303 3272 2519 3349 pararet
2558 3288 2683 3329 cum
2726 3268 3035 3346 chirurgiae
3052 3314 3067 3341 ,
3126 3276 3245 3330 tum
3285 3264 3467 3329 etiam'
3494 3268 3631 3329 artis
3667 3266 4024 3330 obstetricias
4062 3269 4193 3349 peri·

1157 3376 1310 3436 tiam.
1389 3376 1460 3434 In
1515 3370 1748 3454 patriam
1801 3371 1973 3431 redux
2022 3371 2222 3449 Hagae
2263 3370 2499 3432 Comitis
2536 3392 2635 3451 per
2676 3373 2900 3449 longam
2942 3390 3215 3432 annorum
3257 3371 3457 3433 seriem
3496 3376 3673 3432 artem
3712 3373 4011 3434 salutarem
4050 3390 4193 3433 excr-

1161 3478 1304 3550 cuit,
1359 3476 1494 3537 ielix
1541 3476 1770 3537 omnino
1823 3473 2050 3535 meritis.
2135 3475 2332 3554 Neque
2374 3480 2588 3535 tantum
2632 3494 2795 3554 opem
2836 3474 3063 3535 ferendo
3104 3475 3481 3536 laborantibus
3498 3520 3513 3547 ,
3558 3474 3656 3535 sed
3698 3474 3866 3535 etiam
3905 3472 4189 3535 scribendo

1157 3580 1479 3661 scriptisque
1517 3579 1577 3639 in
1609 3580 1788 3639 lucem
1825 3575 2052 3638 edendis
2091 3595 2348 3654 magnam
2388 3597 2513 3638 cum
2552 3576 2695 3657 apud
2735 3584 3006 3639 nostrates
3021 3624 3036 3651 ,
3080 3583 3198 3638 tum
3238 3576 3381 3657 apud
3417 3584 3633 3638 exteros
3674 3581 3869 3637 nactus
3904 3584 3993 3637 est
4018 3577 4192 3637 famae

1156 3682 1528 3743 celebritatem
1547 3724 1563 3753 ,
1605 3700 1744 3761 quae
1781 3678 2242 3761 quemadmodum
2281 3701 2315 3740 a
2353 3680 2511 3756 Rege
2552 3679 2933 3757 augustissimo
2950 3726 2965 3751 ‚
3008 3679 3089 3741 sic
3128 3680 3199 3740 ab
3240 3678 3685 3740 honoratioribus
3719 3678 4005 3759 quibusvis
4038 3685 4191 3759 atque

1157 3805 1190 3845 a
1247 3782 1552 3866 praecipuis
1605 3781 1979 3843 doctrinarum
2040 3781 2393 3842 societatibus
2454 3782 2759 3843 luculenter
2818 3782 3050 3863 probata
3106 3782 3229 3843 fuit.
3310 3780 3537 3842 Praeter
3588 3780 4033 3843 dissertationem
4084 3780 4189 3841 iam

1153 3886 1428 3947 laudatam
1444 3932 1458 3957 ‚
1515 3886 1702 3947 multis
1745 3884 2062 3945 nominihus
2101 3885 2435 3966 praeclaram
2448 3930 2464 3957 ‚
2524 3904 2665 3965 quae
2707 3878 3017 3962 Anglicu'm'
3046 3886 3105 3946 in
3146 3902 3457 3945 sermonem
3500 3884 3765 3945 translata
3802 3883 3937 3957 fuit,
3980 3882 4189 3964 scripsit

1155 3988 1224 4049 de
1278 3989 1540 4049 insitione
1595 3987 1830 4048 variolae
1883 3988 2140 4048 vaccinae
2157 4033 2171 4059 ,
2231 3986 2302 4048 de
2356 3987 2567 4068 phthisi
2609 3989 2963 4069 pulmonum,
3018 3986 3089 4049 de
3128 3986 3353 4047 cholera
3394 3986 3670 4059 Asiatica,
3710 3986 3783 4048 de
3822 3985 4086 4058 suicidio,
4126 3984 4190 4045 de

1156 4091 1214 4151 vi
1257 4091 1408 4151 vitali
1449 4110 1573 4151 cum
1613 4090 1734 4150 aliis
1775 4090 1980 4150 viribus
2019 4096 2362 4171 comparata,
2414 4091 2485 4151 de
2526 4086 2689 4152 rebus
2730 4090 2959 4152 medicis
2998 4092 3057 4150 in
3100 4090 3281 4171 patria
3320 4096 3508 4151 nostra
3548 4088 3901 4162 ordinandis,
3944 4088 4018 4150 de
4056 4088 4186 4149 aliis.

1159 4190 1320 4251 Obiit
1357 4211 1503 4252 anno
1545 4195 1721 4250 1844.

1236 4292 1320 4368 ⁸⁰)
1382 4296 1734 4353 Ana-nomos
1792 4308 1974 4363 noan,
2032 4314 2177 4353 anno
2234 4298 2389 4357 1786
2445 4301 2605 4355 natus
2656 4296 2715 4356 in
2760 4294 2965 4377 oppido
3008 4294 3331 4367 Maassluis,
3384 4294 3485 4355 ubi
3524 4299 3681 4375 pater
3720 4293 3893 4375 ipsius
3932 4296 3995 4354 in
4038 4298 4187 4355 coctu

1156 4394 1454 4455 reformato
1507 4414 1783 4455 sacrorum
1841 4396 2068 4456 antistes
2125 4402 2241 4457 erat
2259 4443 2273 4469 ,
2328 4398 2529 4458 iisdem
2573 4396 2633 4457 in
2678 4398 2977 4459 Academia
3016 4396 3525 4475 Lageam-Batava
3544 4442 3559 4469 ‚
3616 4398 3819 4478 quibus
3858 4412 4150 4459 ourrnms
4168 4442 4182 4468 ,

1155 4516 1286 4557 usus
1338 4504 1420 4558 est
1473 4496 1716 4576 adeoque
1769 4496 1992 4577 optimis
2045 4500 2338 4576 magistris.
2422 4504 2591 4561 Anno
2638 4505 2791 4561 1806
2808 4546 2825 4575 ,
2868 4497 3094 4562 defensa
3132 4500 3517 4562 dissertatione
3558 4500 3625 4559 de
3664 4499 3885 4559 “coria
3924 4500 4012 4561 sie
4044 4500 4189 4560 dim

1151 4599 1500 4659 incitationis
1539 4619 1780 4659 summos
1818 4600 1878 4660 in
1918 4606 2036 4661 arte
2075 4594 2298 4663 subitari
2337 4604 2577 4663 honores
2620 4608 2973 4677 consecutus,
3016 4603 3255 4685 primum
3289 4622 3387 4685 per
3415 4609 3649 4683 quatuor
3683 4603 3854 4663 lustra
3886 4601 4187 4679 Neon-gi,

1153 4700 1353 4762 deinde
1395 4702 1728 4763 Arnhemiae
1768 4703 2098 4764 medicinam
2138 4703 2375 4766 feliciter
2412 4706 2687 4779 exercuit,
2724 4704 3009 4780 doctrina,
3052 4706 3430 4779 humanitate,
3462 4704 3659 4765 ardore
3676 4704 3934 4781 insignis.
3977 4704 4189 4765 Praeter

1161 4806 1334 4866 multa
1377 4806 1580 4866 Diariis
1625 4806 1833 4867 inserta
1853 4852 1867 4878 ,
1909 4806 1992 4867 illi
2035 4809 2349 4888 praesertim
2372 4854 2387 4881 ,
2446 4809 2534 4870 cui
2572 4808 2792 4871 titulus:
2849 4810 3149 4873 Praetiech
3194 4808 3533 4888 wdacln’fl
3570 4826 3705 4868 οσον
3740 4806 3809 4867 de
3842 4810 4191 4884 moechante
