4728 5991
1023 558 1152 623 ιω
2196 556 2885 642 G.LLONCQ

1010 774 1129 841 tur
1150 823 1171 854 ,
1243 788 1453 863 quam
1517 763 1577 837 si
1645 763 2013 861 diligenter
2081 790 2122 838 a
2181 765 2385 842 docto
2439 765 2822 865 eodemque
2879 764 3326 865 sagacissimo
3381 770 3652 845 medico
3701 779 4034 847 curentur
4051 805 4078 861 3

1008 887 1179 963 alios
1248 894 1482 961 autern
1548 884 2106 983 praesentissimo
2167 894 2440 961 tantum
2517 886 2776 961 auxilio
2844 885 3055 961 veluti
3095 886 3398 985 iugulari
3446 914 3690 987 posse,
3739 914 3894 965 sero
3951 891 4082 966 de·

1013 1007 1177 1106 pelli
1246 1005 1508 1079 nescios
1579 1013 1650 1077 et
1718 1013 1904 1077 certo
1973 1004 2293 1081 lethales:
2371 1031 2514 1105 quo
2561 1005 2848 1081 tandem
2891 1005 3040 1079 iure
3097 1007 3475 1083 contendas
3499 1066 3519 1097 ,
3572 1009 3876 1085 medicos
3921 1034 4075 1087 essa

1014 1126 1438 1226 superfluoS,
1490 1149 1616 1199 nec
1662 1124 2079 1222 reipublicae
2128 1126 2465 1201 interesse
2521 1125 2854 1200 vindicari
2900 1124 3313 1200 medicinam
3335 1128 3370 1200 Ρ

1113 1248 1411 1320 Interest
1481 1252 1715 1319 autem
1790 1252 1862 1317 et
1914 1244 2083 1319 alias
2148 1246 2238 1319 ob
2302 1271 2567 1321 causas.
2687 1245 3044 1320 Nimirum
3109 1270 3250 1319 non
3311 1247 3520 1323 modo
3571 1248 3900 1323 sanandis
3946 1257 4074 1325 aut

1008 1366 1355 1453 levandis,
1440 1364 1651 1439 etiam
1727 1365 2239 1462 praevertendis
2334 1365 2595 1441 morbis
2690 1365 3057 1464 insigniter
3137 1365 3390 1441 medici
3463 1376 3780 1467 prosunt.
3907 1369 4072 1445 Non

1008 1487 1241 1562 omnia
1300 1510 1503 1573 sane,
1554 1509 1733 1582 quae
1792 1483 2001 1558 vitam
2046 1492 2117 1557 et
2164 1491 2488 1559 naturam
2547 1486 2924 1559 humanam
2983 1492 3337 1583 spectant,
3387 1495 3460 1561 at
3519 1488 3742 1563 multa
3791 1494 4070 1579 tamen,

1009 1616 1093 1683 ut
1134 1606 1499 1680 indefessis
1543 1604 1832 1679 aliorum
1879 1603 2231 1678 laboribus
2252 1662 2273 1693 ,
2327 1606 2430 1678 ita
2473 1604 2748 1703 propria
2804 1626 3086 1704 quoque
3133 1602 3612 1681 observatione
3657 1606 3860 1683 nobis
3905 1634 4070 1709 cog-

1007 1729 1155 1803 nita
1234 1736 1421 1800 sunt.
1522 1723 1971 1797 Conditiones
2035 1723 2355 1798 novimus
2438 1750 2601 1799 cum
2676 1724 2767 1800 ad
2847 1724 3060 1799 vitam
3127 1724 3698 1814 sustentandam,
3763 1734 3916 1802 tum
3976 1728 4072 1803 ad

1012 1849 1380 1923 sanitatem
1449 1844 1781 1919 tuendam
1856 1844 2158 1918 maxime
2232 1844 2690 1931 necessarias,
2769 1868 3053 1931 causas,
3129 1867 3310 1941 quae
3380 1846 3742 1944 prodesse,
3812 1872 4072 1945 easque

1008 1991 1189 2066 quae
1235 1989 1479 2040 nocere
1524 1969 1842 2063 possunt.
1940 1964 2033 2036 Et
2078 1963 2257 2037 hanc
2305 1964 2592 2062 quidem
2641 1963 2998 2037 scientiam
3043 1988 3126 2038 eo
3175 1963 3578 2053 referimus,
3630 1972 3708 2039 ut
3767 1966 4064 2065 singulis

1007 2086 1411 2161 hominibus
1432 2143 1452 2172 ,
1523 2084 1609 2157 iis
1683 2090 1909 2171 certe,
1982 2082 2106 2180 qui
2182 2083 2546 2157 nmedice”
2615 2084 2840 2157 vivere
2911 2082 3163 2173 velint,
3239 2083 3404 2159 talia
3479 2085 4067 2183 praescribamus,

1008 2205 1270 2306 quibus
1335 2212 1553 2279 semet
1618 2204 1809 2303 ipsos
1875 2211 1948 2277 et
2018 2203 2349 2299 εὔβιους
2415 2205 2704 2279 reddere
2776 2210 3075 2302 queant,
3147 2204 3473 2302 quodque
3529 2226 3772 2281 omnes
3820 2215 4066 2297 avent,

1003 2326 1548 2426 μακρόβιους;
1599 2323 1897 2398 civitatis
1948 2329 2181 2397 autem
2237 2324 2621 2397 rectoribus
2667 2331 2739 2397 et
2782 2346 3023 2397 causas
3069 2320 3500 2411 indicemus,
3552 2324 3694 2399 sive
3746 2324 3820 2399 in
3867 2332 4067 2416 aare,

1002 2446 1144 2520 sive
1206 2444 1281 2518 in
1348 2445 1531 2532 solo,
1604 2443 1747 2517 sive
1805 2443 1881 2516 in
1949 2442 2341 2532 alimentis,
2421 2443 2564 2517 sive
2635 2442 2707 2515 in
2759 2442 2910 2517 aliis
2954 2440 3166 2517 rebus
3214 2441 3515 2541 positas,
3577 2468 3758 2543 quae
3806 2444 4068 2521 civium

1004 2564 1283 2645 sanitati
1358 2563 1464 2637 vel
1538 2563 1839 2637 officiant
1909 2561 2015 2637 vel
2083 2562 2353 2637 officere
2421 2570 2604 2637 certe
2651 2561 2960 2661 possint,
3029 2568 3102 2635 et
3149 2560 3496 2649 remedia,
3549 2586 3732 2661 quae
3784 2562 4066 2662 publica

1002 2684 1409 2763 auctoritate
1460 2684 1723 2759 sancita
1767 2705 2022 2759 noxam
2068 2711 2281 2785 quam
2335 2687 2598 2785 optime
2651 2692 2984 2763 avertant.

1092 2804 1355 2904 Negari
1424 2803 1709 2901 quidem
1786 2804 2069 2903 nequit,
2131 2805 2510 2880 Auditores
2537 2859 2560 2898 ,
2619 2806 2852 2904 plures
2919 2806 3321 2883 etiamnunc
3389 2828 3574 2894 esse,
3643 2806 3809 2905 qui,
3862 2806 4066 2906 quasi

995 2948 1282 3004 onasum
1346 2922 1720 3022 legissent,
1792 2922 2109 2999 sanitatis
2165 2950 2375 3002 causa
2435 2925 2648 3000 nullis
2717 2924 3012 3026 obligari
3067 2952 3142 3003 se
3191 2926 3464 3028 legibus
3520 2926 3789 3016 sinant,
3844 2949 4060 3025 quam

992 3044 1167 3120 tales
1188 3101 1208 3132 ,
1274 3043 1398 3142 qui
1458 3041 1883 3118 medicorum
1953 3046 2239 3121 consilia
2304 3055 2706 3146 sequantur.
2831 3047 3290 3123 Verissimum
3353 3047 3524 3122 item
3549 3105 3569 3135 ,
3633 3045 4060 3145 praeclaram

997 3163 1187 3240 illam
1260 3161 1645 3240 medicinae
1719 3170 1987 3262 partem
2004 3224 2025 3254 ,
2102 3191 2283 3264 quae
2346 3165 2700 3265 publicam
2767 3168 3062 3242 salutem
3135 3175 3443 3267 spectat,
3516 3165 3708 3264 apud
3760 3166 4062 3240 Batavos

1000 3282 1237 3362 miuus
1302 3281 1533 3358 adhuc
1604 3282 1737 3357 coli
1780 3299 1993 3381 quam·
2042 3284 2299 3384 passim
2350 3286 2543 3385 apud
2593 3294 2886 3360 exteros.
2985 3287 3088 3361 At
3130 3310 3290 3362 vero
3335 3309 3564 3384 neque
3607 3284 3866 3359 civium
3921 3283 4055 3358 im-

997 3401 1371 3502 prudentia
1386 3460 1407 3491 ,
1451 3427 1677 3501 neque
1718 3409 2063 3478 rectorum
2108 3405 2420 3481 socordia
2459 3406 2845 3506 quidquam
2887 3407 2974 3480 de
3013 3405 3336 3482 scientiae
3374 3404 3714 3503 dignitate
3746 3403 4053 3493 detrahi,

1003 3523 1122 3597 vix
1174 3531 1278 3599 est
1328 3523 1518 3622 quod
1562 3547 1995 3598 moneamus.
2565 3539 2572 3548 ·
2639 3535 2642 3538 ’

1094 3643 1617 3742 Reputantibus
1686 3642 1987 3741 denique
2008 3701 2029 3732 ,
2101 3641 2272 3742 quid
2339 3639 2896 3742 Iurisprudentia
2967 3643 3360 3718 Medicinae
3433 3642 3688 3716 debeat
3710 3701 3730 3730 ,
3811 3648 4054 3739 utpote

995 3788 1175 3862 quae
1252 3763 1397 3840 sola
1460 3763 1753 3838 crimina
1817 3763 2151 3838 nonnulla
2222 3765 2516 3865 probare
2561 3788 2942 3862 eorumque
2993 3763 3308 3860 sequelae
3363 3761 3742 3836 diiudicare
3789 3761 4050 3860 possit,

996 3890 1121 3958 aut
1190 3883 1423 3958 omnia
1492 3907 1605 3958 me
1680 3883 1969 3980 fallunt,
2038 3882 2418 3958 Auditor-es
2441 3941 2462 3972 ,
2510 3892 2634 3958 aut
2687 3882 2883 3958 vobis
2937 3890 3120 3956 certe
3169 3905 3578 3979 persuasum
3623 3881 3793 3970 erit,
3843 3879 4046 3954 nobi·

992 4000 1331 4080 lissimam
1398 4003 1587 4078 illam
1655 4011 1871 4077 artem
1896 4060 1917 4090 ,
1994 4001 2173 4078 vitae
2226 4002 2578 4078 humanae
2619 4002 2948 4102 sospitam
2999 4023 3079 4074 ac
3126 4001 3690 4076 conservatricem
3716 4055 3738 4090 ,
3788 3998 4055 4099 publici

992 4122 1340 4196 commodi
1392 4147 1601 4196 causa
1642 4122 1849 4199 etiam
1898 4128 2134 4195 nostra
2183 4122 2257 4196 in
2310 4121 2536 4221 patria
2582 4119 3062 4195 vindicandam
3111 4143 3282 4194 esse.

1096 4241 1335 4338 Atque
1384 4239 1515 4315 hoo
1570 4238 1896 4337 quidem,
1946 4240 2033 4314 de
2078 4265 2234 4315 mea
2288 4241 2655 4316 dumtaxat
2701 4239 3078 4326 sententia,
3145 4261 3358 4336 quam
3405 4237 3670 4338 optime
3715 4238 3836 4312 fiet
3885 4260 4049 4311 cum

996 4358 1387 4447 servandis,
1461 4366 1614 4431 tum
1689 4359 1899 4434 etiam
1970 4360 2288 4449 tuendis,
2369 4386 2546 4460 quae
2608 4359 2813 4434 hodie
2881 4359 3156 4456 vigent,
3221 4356 3806 4433 universitatibus.
3908 4353 4049 4428 His

995 4481 1181 4560 enim
1249 4477 1539 4580 aliisque
1602 4477 1743 4554 sive
1812 4477 2078 4578 pridem
2100 4537 2121 4568 ,
2192 4477 2335 4554 sive
2380 4503 2606 4578 nuper
2653 4476 2984 4566 sublatiS,
3035 4467 3174 4574 per*
3211 4475 3346 4550 tria
3399 4475 3722 4574 deinceps
3777 4471 4050 4549 saecula

996 4611 1165 4677 non
1201 4597 1437 4676 floruit
1500 4606 1773 4674 tantum
1836 4598 2023 4698 apud
2086 4606 2430 4686 nostrates
2449 4656 2468 4687 ,
2523 4597 2645 4672 sed
2691 4596 3056 4695 insigniter
3103 4595 3388 4670 increvit
3439 4593 3802 4670 medicina.
3900 4593 4046 4666 Do—

998 4727 1221 4798 ctores
1270 4716 1647 4795 academici
1700 4727 1771 4794 et
1814 4719 1949 4817 ipsi
1990 4725 2210 4796 artem
2254 4718 2547 4794 feliciter
2585 4724 3085 4804 exercuerunt,
3134 4721 3208 4789 et
3245 4715 3436 4796 omni
3473 4723 3785 4814 tempore
3805 4711 4047 4786 doctos
