4728 5991
1814 591 2376 664 onArro
3483 601 3626 708 wa

549 801 907 877 Christum
976 800 1067 876 ab
1128 807 1409 876 aeterno
1470 799 1705 880 Deum
1770 827 1963 893 esse,
2034 804 2189 880 Deo
2251 804 2444 879 Patri
2507 805 2868 906 aequalem
2889 863 2910 896 ,
2984 807 3162 884 hane
3229 809 3614 886 doctrinam

551 921 1099 1022 superati-uxiano
1156 921 1323 996 locis
1368 921 1617 998 Sacrae
1662 924 2057 1023 Scripturas
2106 925 2239 1000 rite
2286 921 2664 1024 explicatis.
2766 927 2926 1002 Hoc
2971 951 3150 1027 opus
3173 985 3194 1016 ,
3261 928 3376 1004 hic
3423 929 3620 1005 labor

552 1051 688 1131 est,
754 1065 935 1142 opus
992 1049 1229 1116 antem
1250 1097 1270 1128 ,
1342 1049 1424 1116 ut
1484 1042 1661 1116 mihi
1722 1043 2035 1134 videtur,
2102 1044 2293 1120 haud
2356 1045 2852 1143 perficiendum
2873 1103 2894 1134 ‚
2960 1047 3156 1122 labor
3203 1047 3614 1147 sisyphicus.

553 1164 755 1242 Quae
800 1161 987 1236 enim
1037 1160 1177 1236 iam
1224 1159 1409 1236 dicta
1449 1170 1615 1235 sunt
1657 1162 1745 1237 de
1785 1161 2053 1239 ratione
2097 1187 2447 1263 perversa,
2498 1188 2640 1263 qua
2673 1165 2916 1240 Patres
2957 1166 3288 1242 Codieem
3326 1169 3616 1245 Sacrum

551 1290 1053 1382 exposuerunt,
1104 1303 1244 1354 non
1292 1280 1526 1354 minus
1576 1280 1807 1356 valent
1848 1281 1939 1356 de
1980 1281 2344 1371 Patribus,
2395 1284 2518 1380 qni
2560 1293 2720 1380 post
2759 1265 3128 1360 concilium
3181 1285 3570 1362 Nicaenum
3593 1346 3614 1376 ,

549 1426 761 1501 quam
820 1401 945 1500 qui
1000 1409 1165 1474 ante
1224 1399 1398 1473 illud
1468 1401 1910 1500 scripserunt.
2024 1402 2390 1476 Praeterea
2453 1402 2755 1477 multum
2817 1401 3090 1494 differt,
3145 1404 3313 1502 quin
3371 1407 3614 1481 Patres

548 1522 651 1598 illi
716 1519 1007 1596 seriores
1062 1521 1137 1593 in
1198 1519 1627 1618 expositione
1688 1521 1990 1596 locorum
2052 1521 2299 1595 Sacrae
2362 1519 2758 1618 Scripturae
2797 1523 2979 1597 inter
3025 1547 3100 1598 se
3150 1525 3608 1600 consentiant.

552 1641 766 1720 Quod
832 1664 973 1714 uno
1028 1638 1411 1714 illustretur
1448 1639 1787 1738 exemplo.
1890 1637 2039 1716 Qui
2090 1637 2163 1710 in
2212 1635 2456 1712 litibus
2499 1638 2778 1714 Arianis
2825 1642 3240 1717 sententiam
3285 1667 3448 1716 Anu
3496 1644 3617 1718 de·

552 1758 932 1835 fendebant
983 1758 1165 1832 inter
1207 1755 1341 1832 alia
1388 1760 1601 1834 etiam
1646 1757 2111 1858 provocabant
2158 1757 2251 1832 ad
2297 1757 2506 1832 verba
2552 1757 2848 1847 Christi,
2900 1783 3080 1857 quae
3127 1771 3498 1836 occurrunt
3541 1763 3616 1836 in

550 1879 931 1978 Evangelio
994 1879 1387 1966 Iohanneo,
1452 1879 1677 1977 capite
1726 1877 1997 1952 decimo
2050 1887 2303 1977 quarto
2324 1935 2346 1967 ‚
2397 1889 2740 1954 commate
2787 1880 3122 1980 vigesimo
3161 1892 3438 1958 octavo:
3491 1887 3618 1960 ὅτι

556 2002 597 2077 ὁ
654 2003 901 2098 πατὴρ
964 2001 1245 2093 μείζων
1302 2025 1458 2095 μου
1522 1999 1762 2075 ἐστίν.
1855 1998 2255 2072 Audiamus
2301 1999 2652 2096 quomodo
2695 1999 2863 2073 varii
2902 2001 3146 2076 Patres
3194 2001 3363 2076 haec
3405 2003 3616 2077 inter·

552 2121 803 2219 pretati
874 2117 1034 2192 sint.
1112 2119 1609 2205 Arffixannna,
1688 2116 2147 2191 Alexandriae
2220 2117 2626 2215 episcopus,
2691 2119 3192 2207 contendebat,
3258 2121 3620 2196 Christum

555 2239 689 2314 illis
737 2237 965 2312 verbis
1022 2237 1317 2310 voluisse
1368 2235 1755 2336 significare
1774 2293 1794 2324 ‚
1844 2237 2120 2310 Patrem
2176 2259 2327 2310 esse
2372 2236 2766 2335 ingenitum
2791 2293 2812 2325 ,
2861 2262 3082 2336 quum
3134 2239 3283 2336 ipse
3336 2239 3620 2338 genitus

556 2366 755 2434 esset.
859 2353 1183 2454 Episcopi
1205 2413 1226 2443 ,
1297 2357 1420 2453 qui
1494 2355 1774 2454 Synodo
1840 2355 2268 2443 sardicensi,
2334 2377 2520 2428 anno
2575 2355 3044 2432 tricentesimo
3088 2358 3622 2458 quadragesimo

562 2477 807 2576 quinto
876 2475 1339 2549 interfuerunt
1358 2533 1378 2564 ,
1442 2473 1803 2573 epistolam
1865 2475 2205 2548 miserunt
2258 2473 2586 2548 omnibns
2635 2473 2710 2548 in
2753 2475 2922 2548 orbe
2972 2485 3308 2551 terrarum
3355 2479 3616 2576 episco-

562 2597 667 2696 pis
687 2655 707 2684 ‚
758 2597 833 2670 in
886 2617 1027 2694 qua
1072 2594 1170 2668 ita
1216 2591 1496 2670 dicunt:
1554 2595 2039 2668 nconfitemur
2084 2593 2413 2668 deitatem
2461 2592 2686 2670 Patris
2736 2605 2948 2692 atque
2989 2595 3148 2668 Filii
3199 2611 3412 2671 'unam
3456 2621 3616 2672 ean·

558 2717 859 2815 demque
928 2738 1100 2790 esse.
1202 2715 1297 2787 Et
1358 2738 1565 2788 nemo
1626 2722 1840 2813 negat
1907 2715 2187 2788 Patrem
2246 2713 2576 2787 maiorem
2637 2737 2788 2786 esse
2845 2712 3061 2801 Filio;
3129 2739 3269 2788 non
3339 2723 3620 2814 propter

559 2834 761 2910 aliam
822 2835 1221 2934 hypostasin
1241 2891 1261 2922 ,
1310 2857 1537 2929 neque
1584 2839 1863 2931 propter
1906 2831 2111 2906 aliam
2163 2830 2658 2919 differentiam,
2708 2831 2832 2905 sed
2873 2831 3040 2930 quia
3081 2855 3332 2906 nomen
3381 2834 3618 2932 ipsum

558 2954 785 3030 Patris
846 2954 1073 3029 maius
1140 2962 1249 3027 est
1318 2977 1531 3052 quam
1596 2951 1829 3026 Filii.”
1942 2951 2428 3027 Arnanasms
2483 2951 2782 3025 affirmat
2833 2951 2966 3027 alio
3019 2951 3206 3041 loce,
3259 2953 3617 3029 Christum
3713 3022 3721 3030 .

561 3076 657 3148 ita
710 3073 907 3172 loqui
960 3072 1052 3147 ob
1105 3072 1257 3146 eius
1306 3071 1739 3147 nativitatem
1792 3094 1879 3145 ex
1928 3070 2177 3159 Patre,
2227 3070 2501 3145 dicens:
2552 3074 2840 3168 μείζων
2879 3070 3082 3149 εἶπεν
3107 3122 3130 3163 ,
3177 3076 3271 3149 οὐ
3309 3080 3620 3174 μεγέθει

560 3196 717 3272 τινὶ
736 3246 759 3284 ,
828 3190 1009 3269 οὐδὲ
1064 3196 1329 3291 χρόνῳ
1347 3240 1373 3284 ,
1434 3191 1629 3267 ἀλλὰ
1688 3188 1828 3266 διὰ
1879 3194 2017 3282 τὴν
2068 3193 2151 3279 ἐξ
2196 3193 2440 3269 αὐτοῦ
2485 3200 2624 3267 τοῦ
2665 3195 2958 3290 πατρός
3005 3197 3416 3292 γέννησιν,
3399 3227 3414 3241 ·
3484 3194 3622 3269 alio

560 3314 706 3389 loco
756 3312 1115 3387 Christum
1166 3312 1295 3385 hoc
1340 3310 1565 3384 dicere
1628 3308 1861 3409 quoad
1924 3309 2132 3383 homo
2195 3312 2324 3399 sit3
2392 3312 2492 3385 ait
2543 3311 2768 3385 enim.
2837 3314 2978 3387 και
3027 3312 3072 3385 ὅ
3125 3338 3208 3388 τε
3261 3314 3463 3413 λέγει
3482 3362 3508 3406 ,
3573 3316 3620 3390 ὁ

560 3440 805 3533 πατὴρ
859 3458 1051 3529 μου,
1104 3432 1149 3507 ὁ
1199 3429 1515 3524 πέμψας
1561 3458 1693 3527 με,
1742 3431 2033 3535 μείζων
2086 3456 2242 3525 μου
2304 3432 2563 3522 ἐστιν,
2613 3432 2776 3506 ἐπεὶ
2827 3428 3247 3530 ἄνθρωπος
3299 3439 3622 3539 γέγονεν

556 3558 841 3651 μείζων
902 3554 1143 3628 αὐτου
1198 3552 1393 3651 λέγει
1438 3554 1579 3627 τόν
1634 3553 1955 3649 πατέρα.
2056 3550 2532 3625 Aoous'rmus
2584 3550 2828 3624 eadem
2887 3552 3093 3625 verba
3141 3552 3240 3625 ita
3284 3553 3618 3651 interpre-

563 3682 786 3762 tatur,
834 3698 919 3747 ac
970 3673 1029 3746 ai
1078 3672 1401 3745 Christus
1451 3670 1549 3745 sic
1612 3670 1887 3745 loeutus
1938 3668 2029 3741 sit
2076 3670 2341 3743 ratione
2391 3667 2630 3743 habita
2675 3668 3088 3742 conditionis
3140 3672 3412 3758 tenuis,
3477 3695 3620 3768 qua

562 3794 687 3869 hac
734 3799 805 3866 in
852 3802 1033 3866 terra
1077 3790 1497 3865 versabatur.
1599 3790 1953 3863 Risimus
1996 3794 2068 3861 et
2112 3809 2560 3861 arimin-nos
2599 3785 2738 3860 illis
2779 3788 3004 3861 verbis
3047 3810 3184 3861 non
3231 3788 3617 3862 indicatum

564 3914 837 4000 vident,
890 3910 1148 3985 Filium
1216 3930 1289 3984 se
1356 3910 1693 3983 minorem
1748 3906 1955 3982 Patre
2017 3928 2436 4006 proponere,
2501 3906 2624 3979 sed
2689 3915 2963 3981 tantum
3027 3904 3218 3981 Patri
3283 3909 3616 3983 maiorem

560 4032 889 4106 honorem
944 4038 1355 4128 competere.
1434 4024 1579 4103 Alii
1624 4028 1821 4104 aliter
1858 4028 2085 4102 locum
2126 4025 2560 4124 interpretati
2605 4034 2787 4101 sunt.
2869 4026 3134 4101 Omnes
3181 4050 3339 4101 vem
3377 4028 3620 4103 Patres

562 4148 965 4237 orthodoxi,
1019 4172 1129 4223 me
1179 4146 1465 4246 quidem
1516 4147 1743 4222 iudice
1764 4205 1784 4236 ,
1836 4146 2037 4221 illum
2088 4168 2404 4245 perverse
2451 4145 3010 4243 interpretantur.

660 4274 771 4345 De
830 4270 983 4344 aliis
1046 4268 1287 4343 itidem
1354 4265 1801 4365 dogmatibus
1862 4260 2139 4339 ostendi
2198 4264 2448 4362 possit,
2511 4287 2754 4337 omnes
2811 4264 3053 4337 Patres
3105 4264 3623 4341 Ecclesiasticos

564 4390 849 4464 minime
902 4386 1084 4462 inter
1151 4410 1229 4461 se
1286 4386 1649 4463 convenire
1672 4442 1693 4473 ‚
1766 4393 1839 4458 et
1904 4408 2021 4457 eos
2075 4383 2349 4481 saepius
2368 4441 2389 4474 ,
2453 4392 2534 4457 ut
2581 4382 2698 4457 illa
2748 4382 2974 4457 verbis
3021 4406 3060 4457 e
3114 4384 3370 4459 Codice
3415 4386 3626 4461 Sacro

566 4508 1001 4608 depromptis
1066 4514 1381 4582 astruant
1401 4564 1422 4595 ,
1492 4504 1871 4604 genuinam
1942 4502 2307 4575 verborum
2377 4500 2949 4600 significationem
3008 4524 3254 4599 parum
3321 4526 3620 4579 curasse.

564 4630 807 4727 Longe
876 4653 919 4702 a
972 4626 1255 4701 veritate
1319 4624 1541 4700 aliena
1608 4632 1775 4697 sunt
1796 4680 1817 4711 ,
1868 4644 2048 4721 quae
2100 4644 2502 4697 rassnnaus
2539 4620 2761 4714 audet
2809 4621 3088 4709 iterare,
3138 4620 3378 4695 Patres
3434 4621 3623 4697 idem

564 4754 797 4847 ipsum
852 4746 1097 4820 docere
1148 4753 1221 4819 et
1270 4744 1661 4844 praedicare
1675 4776 1694 4831 3
1760 4766 1891 4817 nec
1944 4747 2339 4840 temporum
2394 4738 2760 4815 discrimen
2781 4797 2802 4830 ,
2857 4762 2984 4815 nee
3033 4738 3342 4814 locorum
3403 4740 3622 4814 diver-
