<?xml version="1.0" encoding="UTF-8"?>
<!DOCTYPE html PUBLIC "-//W3C//DTD XHTML 1.0 Transitional//EN"
    "http://www.w3.org/TR/xhtml1/DTD/xhtml1-transitional.dtd">
<html xmlns="http://www.w3.org/1999/xhtml" xml:lang="en" lang="en">
 <head>
  <title>
</title>
<meta http-equiv="Content-Type" content="text/html;charset=utf-8" />
  <meta name='ocr-system' content='tesseract 3.04.00' />
  <meta name='ocr-capabilities' content='ocr_page ocr_carea ocr_par ocr_line ocrx_word'/>
</head>
<body>
  <div class='ocr_page' id='page_1' title='image "annalesacademic03confgoog_0331.png"; bbox 0 0 4728 5991; ppageno 0'>
   <div class='ocr_carea' id='block_1_1' title="bbox 1355 696 2863 813">
    <p class='ocr_par' dir='ltr' id='par_1_1' title="bbox 1355 696 2863 813">
     <span class='ocr_line' id='line_1_1' title="bbox 1355 696 2863 813; baseline 0.003 -4"><span class='ocrx_word' id='word_1_1' title='bbox 1355 696 1846 811; x_wconf 76' lang='lat' dir='ltr'>ACTA</span> <span class='ocrx_word' id='word_1_2' title='bbox 1933 698 2149 811; x_wconf 85' lang='grc' dir='ltr'><strong>ΕΤ</strong></span> <span class='ocrx_word' id='word_1_3' title='bbox 2238 696 2863 813; x_wconf 78' lang='lat' dir='ltr'><strong>GESTA</strong></span> 
     </span>
    </p>
   </div>
   <div class='ocr_carea' id='block_1_2' title="bbox 749 905 3477 974">
    <p class='ocr_par' dir='ltr' id='par_1_2' title="bbox 749 905 3477 974">
     <span class='ocr_line' id='line_1_2' title="bbox 749 905 3477 974; baseline 0 -5"><span class='ocrx_word' id='word_1_4' title='bbox 749 910 854 970; x_wconf 83' lang='lat' dir='ltr'><strong>IN</strong></span> <span class='ocrx_word' id='word_1_5' title='bbox 919 908 1624 971; x_wconf 80' lang='lat' dir='ltr'><strong>CONVENTIBUS</strong></span> <span class='ocrx_word' id='word_1_6' title='bbox 1679 908 2251 973; x_wconf 78' lang='lat' dir='ltr'>CLARISSIMI</span> <span class='ocrx_word' id='word_1_7' title='bbox 2308 911 2718 974; x_wconf 81' lang='lat' dir='ltr'><strong>OBDINIS</strong></span> <span class='ocrx_word' id='word_1_8' title='bbox 2772 905 3477 974; x_wconf 76' lang='lat' dir='ltr'>PROFESSORUM</span> 
     </span>
    </p>
   </div>
   <div class='ocr_carea' id='block_1_3' title="bbox 1041 1097 3171 1196">
    <p class='ocr_par' dir='ltr' id='par_1_3' title="bbox 1041 1097 3171 1196">
     <span class='ocr_line' id='line_1_3' title="bbox 1041 1097 3171 1196; baseline 0 -19"><span class='ocrx_word' id='word_1_9' title='bbox 1041 1097 1538 1179; x_wconf 84' lang='grc' dir='ltr'>ΑΤΗΕΝΑΕΙ</span> <span class='ocrx_word' id='word_1_10' title='bbox 1603 1098 2120 1181; x_wconf 81' lang='lat' dir='ltr'><strong>lLLUSTRIS</strong></span> <span class='ocrx_word' id='word_1_11' title='bbox 2169 1097 3171 1196; x_wconf 79' lang='lat' dir='ltr'><strong>AMSTELODAMENSIS,</strong></span> 
     </span>
    </p>
   </div>
   <div class='ocr_carea' id='block_1_4' title="bbox 1697 1304 2519 1371">
    <p class='ocr_par' dir='ltr' id='par_1_4' title="bbox 1697 1304 2519 1371">
     <span class='ocr_line' id='line_1_4' title="bbox 1697 1304 2519 1371; baseline -0.001 -4"><span class='ocrx_word' id='word_1_12' title='bbox 1697 1304 1926 1367; x_wconf 77' lang='lat' dir='ltr'><strong>ANNO</strong></span> <span class='ocrx_word' id='word_1_13' title='bbox 1967 1305 2519 1371; x_wconf 79' lang='lat' dir='ltr'>01010000Lxl1.</span> 
     </span>
    </p>
   </div>
   <div class='ocr_carea' id='block_1_5' title="bbox 1851 1554 2381 1570">
    <p class='ocr_par' dir='ltr' id='par_1_5' title="bbox 1851 1554 2381 1570">
     <span class='ocr_line' id='line_1_5' title="bbox 1851 1554 2381 1570; baseline 0 0"><span class='ocrx_word' id='word_1_14' title='bbox 1851 1554 2381 1570; x_wconf 95' lang='lat' dir='ltr'><strong> </strong></span> 
     </span>
    </p>
   </div>
   <div class='ocr_carea' id='block_1_6' title="bbox 581 1736 3635 2409">
    <p class='ocr_par' dir='ltr' id='par_1_6' title="bbox 581 1736 3635 2197">
     <span class='ocr_line' id='line_1_6' title="bbox 581 1736 3631 1841; baseline -0.001 -28"><span class='ocrx_word' id='word_1_15' title='bbox 581 1738 715 1814; x_wconf 89' lang='lat' dir='ltr'><strong>Die</strong></span> <span class='ocrx_word' id='word_1_16' title='bbox 776 1741 872 1813; x_wconf 79' lang='lat'><strong>29</strong></span> <span class='ocrx_word' id='word_1_17' title='bbox 925 1762 1018 1813; x_wconf 92' lang='lat' dir='ltr'><strong>m.</strong></span> <span class='ocrx_word' id='word_1_18' title='bbox 1085 1736 1326 1813; x_wconf 86' lang='lat' dir='ltr'><strong>Martii</strong></span> <span class='ocrx_word' id='word_1_19' title='bbox 1381 1736 1509 1811; x_wconf 88' lang='lat' dir='ltr'><strong>Vir</strong></span> <span class='ocrx_word' id='word_1_20' title='bbox 1571 1736 1678 1813; x_wconf 86' lang='lat'><strong>01.</strong></span> <span class='ocrx_word' id='word_1_21' title='bbox 1743 1763 1819 1813; x_wconf 80' lang='lat' dir='ltr'><strong>n.</strong></span> <span class='ocrx_word' id='word_1_22' title='bbox 1887 1760 1986 1813; x_wconf 71' lang='lat' dir='ltr'><strong>nn</strong></span> <span class='ocrx_word' id='word_1_23' title='bbox 2040 1762 2275 1815; x_wconf 74' lang='lat' dir='ltr'><strong>soson</strong></span> <span class='ocrx_word' id='word_1_24' title='bbox 2323 1762 2629 1815; x_wconf 72' lang='lat' dir='ltr'><strong>nnn</strong></span> <span class='ocrx_word' id='word_1_25' title='bbox 2670 1740 2952 1841; x_wconf 88' lang='lat' dir='ltr'><strong>collegis</strong></span> <span class='ocrx_word' id='word_1_26' title='bbox 2998 1738 3275 1815; x_wconf 84' lang='lat' dir='ltr'><strong>nuntiat</strong></span> <span class='ocrx_word' id='word_1_27' title='bbox 3322 1761 3397 1812; x_wconf 89' lang='lat' dir='ltr'><strong>se</strong></span> <span class='ocrx_word' id='word_1_28' title='bbox 3450 1736 3631 1811; x_wconf 83' lang='lat' dir='ltr'><strong>vale·</strong></span> 
     </span>
     <span class='ocr_line' id='line_1_7' title="bbox 922 1856 3633 1957; baseline -0.001 -25"><span class='ocrx_word' id='word_1_29' title='bbox 922 1856 1188 1933; x_wconf 89' lang='lat' dir='ltr'><strong>tudinis</strong></span> <span class='ocrx_word' id='word_1_30' title='bbox 1231 1881 1440 1932; x_wconf 86' lang='lat' dir='ltr'><strong>causa</strong></span> <span class='ocrx_word' id='word_1_31' title='bbox 1483 1880 1741 1933; x_wconf 88' lang='lat' dir='ltr'><strong>munus</strong></span> <span class='ocrx_word' id='word_1_32' title='bbox 1791 1857 2191 1957; x_wconf 80' lang='lat' dir='ltr'><strong>professoris</strong></span> <span class='ocrx_word' id='word_1_33' title='bbox 2245 1856 2737 1935; x_wconf 88' lang='lat' dir='ltr'><strong>abdicaturum</strong></span> <span class='ocrx_word' id='word_1_34' title='bbox 2780 1882 2951 1935; x_wconf 88' lang='lat' dir='ltr'><strong>esse.</strong></span> <span class='ocrx_word' id='word_1_35' title='bbox 3050 1856 3321 1933; x_wconf 87' lang='lat' dir='ltr'><strong>Eodem</strong></span> <span class='ocrx_word' id='word_1_36' title='bbox 3358 1856 3433 1931; x_wconf 89' lang='lat' dir='ltr'><strong>in</strong></span> <span class='ocrx_word' id='word_1_37' title='bbox 3470 1878 3633 1931; x_wconf 89' lang='lat' dir='ltr'><strong>con-</strong></span> 
     </span>
     <span class='ocr_line' id='line_1_8' title="bbox 924 1974 3635 2077; baseline -0.001 -26"><span class='ocrx_word' id='word_1_38' title='bbox 924 1986 1138 2053; x_wconf 82' lang='lat' dir='ltr'><strong>ventu</strong></span> <span class='ocrx_word' id='word_1_39' title='bbox 1211 1976 1404 2051; x_wconf 93' lang='lat' dir='ltr'><strong>Ordo</strong></span> <span class='ocrx_word' id='word_1_40' title='bbox 1477 1976 1878 2077; x_wconf 89' lang='lat' dir='ltr'><strong>comprobat</strong></span> <span class='ocrx_word' id='word_1_41' title='bbox 1952 2002 2198 2053; x_wconf 90' lang='lat' dir='ltr'><strong>novam</strong></span> <span class='ocrx_word' id='word_1_42' title='bbox 2277 1978 2841 2053; x_wconf 81' lang='lat' dir='ltr'><strong>distributionem</strong></span> <span class='ocrx_word' id='word_1_43' title='bbox 2922 1977 3323 2053; x_wconf 87' lang='lat' dir='ltr'><strong>Scholarum</strong></span> <span class='ocrx_word' id='word_1_44' title='bbox 3398 1975 3473 2050; x_wconf 91' lang='lat' dir='ltr'><strong>in</strong></span> <span class='ocrx_word' id='word_1_45' title='bbox 3548 1974 3635 2050; x_wconf 74' lang='lat' dir='ltr'><strong>iia</strong></span> 
     </span>
     <span class='ocr_line' id='line_1_9' title="bbox 921 2096 3217 2197; baseline 0 -24"><span class='ocrx_word' id='word_1_46' title='bbox 921 2096 1370 2173; x_wconf 81' lang='lat' dir='ltr'><strong>facultatibus</strong></span> <span class='ocrx_word' id='word_1_47' title='bbox 1387 2155 1410 2185; x_wconf 88' lang='lat'>,</span> <span class='ocrx_word' id='word_1_48' title='bbox 1459 2120 1756 2195; x_wconf 85' lang='lat' dir='ltr'><strong>quarum</strong></span> <span class='ocrx_word' id='word_1_49' title='bbox 1799 2120 2134 2172; x_wconf 87' lang='lat' dir='ltr'><strong>numerus</strong></span> <span class='ocrx_word' id='word_1_50' title='bbox 2184 2097 2657 2194; x_wconf 79' lang='lat' dir='ltr'><strong>professorum</strong></span> <span class='ocrx_word' id='word_1_51' title='bbox 2696 2096 3091 2197; x_wconf 77' lang='lat' dir='ltr'><strong>augebitur.</strong></span> <span class='ocrx_word' id='word_1_52' title='bbox 3206 2150 3217 2159; x_wconf 84' lang='lat'>-</span> 
     </span>
    </p>

    <p class='ocr_par' dir='ltr' id='par_1_7' title="bbox 585 2210 3635 2409">
     <span class='ocr_line' id='line_1_10' title="bbox 585 2210 3635 2313; baseline -0.002 -20"><span class='ocrx_word' id='word_1_53' title='bbox 585 2217 718 2293; x_wconf 92' lang='lat' dir='ltr'><strong>Die</strong></span> <span class='ocrx_word' id='word_1_54' title='bbox 784 2219 875 2291; x_wconf 79' lang='lat'><strong>21</strong></span> <span class='ocrx_word' id='word_1_55' title='bbox 933 2240 1026 2291; x_wconf 91' lang='lat' dir='ltr'><strong>m.</strong></span> <span class='ocrx_word' id='word_1_56' title='bbox 1077 2214 1270 2291; x_wconf 91' lang='lat' dir='ltr'><strong>Iunii</strong></span> <span class='ocrx_word' id='word_1_57' title='bbox 1315 2214 1694 2291; x_wconf 76' lang='lat' dir='ltr'><strong>recitantur</strong></span> <span class='ocrx_word' id='word_1_58' title='bbox 1737 2214 2006 2290; x_wconf 79' lang='lat' dir='ltr'><strong>litterae</strong></span> <span class='ocrx_word' id='word_1_59' title='bbox 2057 2214 2475 2290; x_wconf 88' lang='lat' dir='ltr'><strong>Curatornm</strong></span> <span class='ocrx_word' id='word_1_60' title='bbox 2496 2273 2519 2303; x_wconf 88' lang='lat'>,</span> <span class='ocrx_word' id='word_1_61' title='bbox 2570 2212 2833 2313; x_wconf 90' lang='lat' dir='ltr'><strong>quibus</strong></span> <span class='ocrx_word' id='word_1_62' title='bbox 2876 2212 3205 2289; x_wconf 89' lang='lat' dir='ltr'><strong>nuntiant</strong></span> <span class='ocrx_word' id='word_1_63' title='bbox 3247 2210 3321 2286; x_wconf 91' lang='lat' dir='ltr'><strong>in</strong></span> <span class='ocrx_word' id='word_1_64' title='bbox 3370 2210 3635 2287; x_wconf 82' lang='lat' dir='ltr'><strong>Senatu</strong></span> 
     </span>
     <span class='ocr_line' id='line_1_11' title="bbox 921 2330 3632 2409; baseline -0.001 -1"><span class='ocrx_word' id='word_1_65' title='bbox 921 2332 1114 2409; x_wconf 89' lang='lat' dir='ltr'><strong>urbis</strong></span> <span class='ocrx_word' id='word_1_66' title='bbox 1166 2332 1280 2408; x_wconf 92' lang='lat' dir='ltr'><strong>die</strong></span> <span class='ocrx_word' id='word_1_67' title='bbox 1331 2338 1378 2405; x_wconf 87' lang='lat'>9</span> <span class='ocrx_word' id='word_1_68' title='bbox 1425 2358 1522 2409; x_wconf 90' lang='lat' dir='ltr'><strong>m.</strong></span> <span class='ocrx_word' id='word_1_69' title='bbox 1573 2332 1751 2407; x_wconf 89' lang='lat' dir='ltr'><strong>Maii</strong></span> <span class='ocrx_word' id='word_1_70' title='bbox 1797 2337 2062 2407; x_wconf 85' lang='lat' dir='ltr'><strong>creatos</strong></span> <span class='ocrx_word' id='word_1_71' title='bbox 2105 2354 2256 2405; x_wconf 90' lang='lat' dir='ltr'><strong>esse</strong></span> <span class='ocrx_word' id='word_1_72' title='bbox 2300 2330 2549 2407; x_wconf 88' lang='lat' dir='ltr'><strong>Virum</strong></span> <span class='ocrx_word' id='word_1_73' title='bbox 2592 2332 2796 2409; x_wconf 88' lang='lat' dir='ltr'><strong>Doct.</strong></span> <span class='ocrx_word' id='word_1_74' title='bbox 2842 2354 3235 2409; x_wconf 65' lang='lat' dir='ltr'><strong>anarrinon</strong></span> <span class='ocrx_word' id='word_1_75' title='bbox 3282 2352 3632 2407; x_wconf 65' lang='lat' dir='ltr'><strong>canoram</strong></span> 
     </span>
    </p>
   </div>
   <div class='ocr_carea' id='block_1_7' title="bbox 578 2448 3637 4700">
    <p class='ocr_par' dir='ltr' id='par_1_8' title="bbox 917 2448 3637 3270">
     <span class='ocr_line' id='line_1_12' title="bbox 919 2448 3631 2550; baseline -0.002 -21"><span class='ocrx_word' id='word_1_76' title='bbox 919 2474 1394 2529; x_wconf 62' lang='lat' dir='ltr'><strong>auennensem</strong></span> <span class='ocrx_word' id='word_1_77' title='bbox 1412 2510 1435 2540; x_wconf 88' lang='lat'>,</span> <span class='ocrx_word' id='word_1_78' title='bbox 1499 2450 1860 2550; x_wconf 79' lang='lat' dir='ltr'><strong>Gymnasii</strong></span> <span class='ocrx_word' id='word_1_79' title='bbox 1925 2448 2445 2525; x_wconf 86' lang='lat' dir='ltr'><strong>Daventriensis</strong></span> <span class='ocrx_word' id='word_1_80' title='bbox 2490 2450 2856 2528; x_wconf 83' lang='lat' dir='ltr'><strong>Rectorem</strong></span> <span class='ocrx_word' id='word_1_81' title='bbox 2873 2458 2919 2550; x_wconf 63' lang='lat'><strong>,3</strong></span> <span class='ocrx_word' id='word_1_82' title='bbox 2968 2449 3319 2528; x_wconf 78' lang='lat' dir='ltr'><strong>Historiae</strong></span> <span class='ocrx_word' id='word_1_83' title='bbox 3362 2456 3437 2525; x_wconf 92' lang='lat' dir='ltr'><strong>et</strong></span> <span class='ocrx_word' id='word_1_84' title='bbox 3482 2450 3631 2524; x_wconf 87' lang='lat' dir='ltr'><strong>An·</strong></span> 
     </span>
     <span class='ocr_line' id='line_1_13' title="bbox 921 2550 3627 2671; baseline -0.002 -23"><span class='ocrx_word' id='word_1_85' title='bbox 921 2550 1325 2671; x_wconf 82' lang='lat' dir='ltr'><strong>tiquitaturn</strong></span> <span class='ocrx_word' id='word_1_86' title='bbox 1391 2572 1808 2645; x_wconf 84' lang='lat' dir='ltr'><strong>Graecarum</strong></span> <span class='ocrx_word' id='word_1_87' title='bbox 1871 2569 2331 2645; x_wconf 88' lang='lat' dir='ltr'><strong>Professorem</strong></span> <span class='ocrx_word' id='word_1_88' title='bbox 2353 2626 2375 2658; x_wconf 90' lang='lat'>‚</span> <span class='ocrx_word' id='word_1_89' title='bbox 2442 2568 2693 2646; x_wconf 92' lang='lat' dir='ltr'><strong>Virum</strong></span> <span class='ocrx_word' id='word_1_90' title='bbox 2744 2572 2953 2649; x_wconf 88' lang='lat' dir='ltr'><strong>Cons.</strong></span> <span class='ocrx_word' id='word_1_91' title='bbox 3008 2592 3345 2645; x_wconf 68' lang='lat' dir='ltr'><strong>rotimum</strong></span> <span class='ocrx_word' id='word_1_92' title='bbox 3396 2590 3627 2643; x_wconf 69' lang='lat' dir='ltr'><strong>&#39;runo-</strong></span> 
     </span>
     <span class='ocr_line' id='line_1_14' title="bbox 921 2686 3637 2788; baseline -0.002 -19"><span class='ocrx_word' id='word_1_93' title='bbox 921 2715 1182 2769; x_wconf 74' lang='lat' dir='ltr'><strong>noaun</strong></span> <span class='ocrx_word' id='word_1_94' title='bbox 1246 2714 1451 2766; x_wconf 75' lang='lat' dir='ltr'><strong>suns</strong></span> <span class='ocrx_word' id='word_1_95' title='bbox 1473 2748 1494 2780; x_wconf 91' lang='lat'>‚</span> <span class='ocrx_word' id='word_1_96' title='bbox 1568 2714 1756 2765; x_wconf 89' lang='lat' dir='ltr'><strong>nunc</strong></span> <span class='ocrx_word' id='word_1_97' title='bbox 1817 2688 2106 2788; x_wconf 85' lang='lat' dir='ltr'><strong>collegio</strong></span> <span class='ocrx_word' id='word_1_98' title='bbox 2169 2686 2641 2765; x_wconf 86' lang='lat' dir='ltr'><strong>Renolandico</strong></span> <span class='ocrx_word' id='word_1_99' title='bbox 2704 2690 2817 2766; x_wconf 77' lang='lat' dir='ltr'><strong>ab&#39;</strong></span> <span class='ocrx_word' id='word_1_100' title='bbox 2862 2691 3035 2767; x_wconf 89' lang='lat' dir='ltr'><strong>actis</strong></span> <span class='ocrx_word' id='word_1_101' title='bbox 3050 2749 3073 2779; x_wconf 88' lang='lat'>,</span> <span class='ocrx_word' id='word_1_102' title='bbox 3138 2688 3325 2764; x_wconf 88' lang='lat' dir='ltr'><strong>Iuris</strong></span> <span class='ocrx_word' id='word_1_103' title='bbox 3371 2686 3637 2787; x_wconf 80' lang='lat' dir='ltr'><strong>publici</strong></span> 
     </span>
     <span class='ocr_line' id='line_1_15' title="bbox 919 2808 3632 2911; baseline -0.003 -23"><span class='ocrx_word' id='word_1_104' title='bbox 919 2819 992 2888; x_wconf 88' lang='lat' dir='ltr'><strong>et</strong></span> <span class='ocrx_word' id='word_1_105' title='bbox 1027 2810 1490 2887; x_wconf 86' lang='lat' dir='ltr'><strong>Oeconomiae</strong></span> <span class='ocrx_word' id='word_1_106' title='bbox 1532 2810 1846 2911; x_wconf 86' lang='lat' dir='ltr'><strong>politicae</strong></span> <span class='ocrx_word' id='word_1_107' title='bbox 1892 2808 2354 2885; x_wconf 88' lang='lat' dir='ltr'><strong>Professorem</strong></span> <span class='ocrx_word' id='word_1_108' title='bbox 2396 2808 2469 2885; x_wconf 89' lang='lat' dir='ltr'><strong>in</strong></span> <span class='ocrx_word' id='word_1_109' title='bbox 2508 2810 2737 2885; x_wconf 88' lang='lat' dir='ltr'><strong>locum</strong></span> <span class='ocrx_word' id='word_1_110' title='bbox 2788 2809 2940 2886; x_wconf 84' lang='lat' dir='ltr'><strong>viri</strong></span> <span class='ocrx_word' id='word_1_111' title='bbox 2985 2809 3165 2885; x_wconf 87' lang='lat' dir='ltr'><strong>Clar.</strong></span> <span class='ocrx_word' id='word_1_112' title='bbox 3215 2829 3632 2883; x_wconf 66' lang='lat' dir='ltr'><strong>manorum</strong></span> 
     </span>
     <span class='ocr_line' id='line_1_16' title="bbox 921 2927 3632 3031; baseline -0.001 -23"><span class='ocrx_word' id='word_1_113' title='bbox 921 2954 1020 3008; x_wconf 72' lang='lat' dir='ltr'><strong>nn</strong></span> <span class='ocrx_word' id='word_1_114' title='bbox 1083 2954 1316 3006; x_wconf 75' lang='lat' dir='ltr'><strong>soson</strong></span> <span class='ocrx_word' id='word_1_115' title='bbox 1390 2953 1692 3006; x_wconf 69' lang='lat' dir='ltr'><strong>Kanna</strong></span> <span class='ocrx_word' id='word_1_116' title='bbox 1711 2987 1731 3019; x_wconf 90' lang='lat'>‚</span> <span class='ocrx_word' id='word_1_117' title='bbox 1802 2928 1926 3029; x_wconf 92' lang='lat' dir='ltr'><strong>qui</strong></span> <span class='ocrx_word' id='word_1_118' title='bbox 1990 2928 2350 3005; x_wconf 86' lang='lat' dir='ltr'><strong>honestam</strong></span> <span class='ocrx_word' id='word_1_119' title='bbox 2424 2930 2825 3006; x_wconf 82' lang='lat' dir='ltr'><strong>missionem</strong></span> <span class='ocrx_word' id='word_1_120' title='bbox 2886 2928 3320 3031; x_wconf 84' lang='lat' dir='ltr'><strong>impetravit,</strong></span> <span class='ocrx_word' id='word_1_121' title='bbox 3380 2927 3632 3006; x_wconf 85' lang='lat' dir='ltr'><strong>Virum</strong></span> 
     </span>
     <span class='ocr_line' id='line_1_17' title="bbox 920 3050 3629 3141; baseline 0 -15"><span class='ocrx_word' id='word_1_122' title='bbox 920 3051 1130 3126; x_wconf 88' lang='lat' dir='ltr'><strong>Cons.</strong></span> <span class='ocrx_word' id='word_1_123' title='bbox 1179 3073 1462 3126; x_wconf 65' lang='lat' dir='ltr'><strong>roman</strong></span> <span class='ocrx_word' id='word_1_124' title='bbox 1508 3071 1946 3126; x_wconf 59' lang='lat' dir='ltr'><strong>mensumn</strong></span> <span class='ocrx_word' id='word_1_125' title='bbox 1995 3072 2350 3125; x_wconf 60' lang='lat' dir='ltr'><strong>canoram</strong></span> <span class='ocrx_word' id='word_1_126' title='bbox 2402 3073 2667 3141; x_wconf 66' lang='lat' dir='ltr'><strong>assna,</strong></span> <span class='ocrx_word' id='word_1_127' title='bbox 2732 3050 2807 3126; x_wconf 91' lang='lat' dir='ltr'><strong>in</strong></span> <span class='ocrx_word' id='word_1_128' title='bbox 2861 3051 2991 3128; x_wconf 88' lang='lat' dir='ltr'><strong>hac</strong></span> <span class='ocrx_word' id='word_1_129' title='bbox 3040 3050 3213 3126; x_wconf 88' lang='lat' dir='ltr'><strong>urbe</strong></span> <span class='ocrx_word' id='word_1_130' title='bbox 3265 3073 3629 3126; x_wconf 84' lang='lat' dir='ltr'><strong>causarum</strong></span> 
     </span>
     <span class='ocr_line' id='line_1_18' title="bbox 917 3168 2467 3270; baseline 0.001 -25"><span class='ocrx_word' id='word_1_131' title='bbox 917 3177 1285 3270; x_wconf 90' lang='lat' dir='ltr'><strong>patronum</strong></span> <span class='ocrx_word' id='word_1_132' title='bbox 1307 3227 1328 3258; x_wconf 90' lang='lat'>‚</span> <span class='ocrx_word' id='word_1_133' title='bbox 1377 3169 1562 3244; x_wconf 88' lang='lat' dir='ltr'><strong>Iuris</strong></span> <span class='ocrx_word' id='word_1_134' title='bbox 1611 3168 1932 3244; x_wconf 88' lang='lat' dir='ltr'><strong>hodierni</strong></span> <span class='ocrx_word' id='word_1_135' title='bbox 1979 3168 2467 3246; x_wconf 86' lang='lat' dir='ltr'><strong>Professorem.</strong></span> 
     </span>
    </p>

    <p class='ocr_par' dir='ltr' id='par_1_9' title="bbox 579 3287 3629 3508">
     <span class='ocr_line' id='line_1_19' title="bbox 579 3287 3629 3388; baseline -0.001 -20"><span class='ocrx_word' id='word_1_136' title='bbox 579 3289 916 3368; x_wconf 84' lang='lat' dir='ltr'><strong>Kalendis</strong></span> <span class='ocrx_word' id='word_1_137' title='bbox 985 3288 1408 3365; x_wconf 85' lang='lat' dir='ltr'><strong>Octobribus</strong></span> <span class='ocrx_word' id='word_1_138' title='bbox 1473 3288 1981 3387; x_wconf 83' lang='lat' dir='ltr'><strong>inaugurantur</strong></span> <span class='ocrx_word' id='word_1_139' title='bbox 2051 3313 2270 3364; x_wconf 84' lang='lat' dir='ltr'><strong>novae</strong></span> <span class='ocrx_word' id='word_1_140' title='bbox 2341 3287 2549 3364; x_wconf 86' lang='lat' dir='ltr'><strong>aedes</strong></span> <span class='ocrx_word' id='word_1_141' title='bbox 2616 3291 2865 3366; x_wconf 89' lang='lat' dir='ltr'><strong>scholis</strong></span> <span class='ocrx_word' id='word_1_142' title='bbox 2948 3288 3285 3366; x_wconf 86' lang='lat' dir='ltr'><strong>habendis</strong></span> <span class='ocrx_word' id='word_1_143' title='bbox 3338 3288 3629 3388; x_wconf 88' lang='lat' dir='ltr'><strong>aliisque</strong></span> 
     </span>
     <span class='ocr_line' id='line_1_20' title="bbox 915 3407 2607 3508; baseline 0 -24"><span class='ocrx_word' id='word_1_144' title='bbox 915 3407 1214 3508; x_wconf 89' lang='lat' dir='ltr'><strong>negotiis</strong></span> <span class='ocrx_word' id='word_1_145' title='bbox 1265 3407 1702 3484; x_wconf 87' lang='lat' dir='ltr'><strong>Academicis</strong></span> <span class='ocrx_word' id='word_1_146' title='bbox 1748 3408 2160 3508; x_wconf 83' lang='lat' dir='ltr'><strong>peragendis</strong></span> <span class='ocrx_word' id='word_1_147' title='bbox 2203 3409 2607 3485; x_wconf 87' lang='lat' dir='ltr'><strong>destinatae.</strong></span> 
     </span>
    </p>

    <p class='ocr_par' dir='ltr' id='par_1_10' title="bbox 579 3525 3627 4105">
     <span class='ocr_line' id='line_1_21' title="bbox 579 3525 3617 3626; baseline -0 -21"><span class='ocrx_word' id='word_1_148' title='bbox 579 3531 714 3606; x_wconf 90' lang='lat' dir='ltr'><strong>Die</strong></span> <span class='ocrx_word' id='word_1_149' title='bbox 813 3533 858 3604; x_wconf 84' lang='lat'><strong>6</strong></span> <span class='ocrx_word' id='word_1_150' title='bbox 907 3553 998 3605; x_wconf 90' lang='lat' dir='ltr'><strong>m.</strong></span> <span class='ocrx_word' id='word_1_151' title='bbox 1074 3525 1396 3603; x_wconf 87' lang='lat' dir='ltr'><strong>Octobris</strong></span> <span class='ocrx_word' id='word_1_152' title='bbox 1459 3535 1600 3602; x_wconf 89' lang='lat' dir='ltr'><strong>tres</strong></span> <span class='ocrx_word' id='word_1_153' title='bbox 1663 3527 2090 3602; x_wconf 86' lang='lat' dir='ltr'><strong>Professores</strong></span> <span class='ocrx_word' id='word_1_154' title='bbox 2155 3552 2381 3626; x_wconf 92' lang='lat' dir='ltr'><strong>nuper</strong></span> <span class='ocrx_word' id='word_1_155' title='bbox 2446 3529 2655 3604; x_wconf 90' lang='lat' dir='ltr'><strong>creati</strong></span> <span class='ocrx_word' id='word_1_156' title='bbox 2718 3529 2791 3604; x_wconf 89' lang='lat' dir='ltr'><strong>in</strong></span> <span class='ocrx_word' id='word_1_157' title='bbox 2866 3535 3283 3604; x_wconf 88' lang='lat' dir='ltr'><strong>conventum</strong></span> <span class='ocrx_word' id='word_1_158' title='bbox 3355 3527 3617 3604; x_wconf 87' lang='lat' dir='ltr'><strong>ordinis</strong></span> 
     </span>
     <span class='ocr_line' id='line_1_22' title="bbox 915 3645 3627 3748; baseline 0 -26"><span class='ocrx_word' id='word_1_159' title='bbox 915 3647 1470 3722; x_wconf 89' lang='lat' dir='ltr'><strong>introducuntur.</strong></span> <span class='ocrx_word' id='word_1_160' title='bbox 1595 3646 1868 3722; x_wconf 91' lang='lat' dir='ltr'><strong>Deinde</strong></span> <span class='ocrx_word' id='word_1_161' title='bbox 1937 3647 2010 3722; x_wconf 89' lang='lat' dir='ltr'><strong>in</strong></span> <span class='ocrx_word' id='word_1_162' title='bbox 2082 3648 2427 3723; x_wconf 86' lang='lat' dir='ltr'><strong>auditorio</strong></span> <span class='ocrx_word' id='word_1_163' title='bbox 2502 3673 2763 3725; x_wconf 89' lang='lat' dir='ltr'><strong>munus</strong></span> <span class='ocrx_word' id='word_1_164' title='bbox 2830 3671 3037 3723; x_wconf 91' lang='lat' dir='ltr'><strong>suum</strong></span> <span class='ocrx_word' id='word_1_165' title='bbox 3101 3646 3379 3748; x_wconf 87' lang='lat' dir='ltr'><strong>publice</strong></span> <span class='ocrx_word' id='word_1_166' title='bbox 3452 3645 3627 3722; x_wconf 89' lang='lat' dir='ltr'><strong>adiit</strong></span> 
     </span>
     <span class='ocr_line' id='line_1_23' title="bbox 921 3765 3625 3866; baseline 0.001 -28"><span class='ocrx_word' id='word_1_167' title='bbox 921 3765 1049 3839; x_wconf 88' lang='lat' dir='ltr'><strong>Vir</strong></span> <span class='ocrx_word' id='word_1_168' title='bbox 1112 3765 1292 3840; x_wconf 87' lang='lat' dir='ltr'><strong>Clar.</strong></span> <span class='ocrx_word' id='word_1_169' title='bbox 1355 3789 1728 3841; x_wconf 68' lang='lat' dir='ltr'><strong>Anaranus</strong></span> <span class='ocrx_word' id='word_1_170' title='bbox 1777 3790 1866 3840; x_wconf 65' lang='lat' dir='ltr'><strong>os</strong></span> <span class='ocrx_word' id='word_1_171' title='bbox 1877 3789 2108 3842; x_wconf 72' lang='lat' dir='ltr'><strong>nonus</strong></span> <span class='ocrx_word' id='word_1_172' title='bbox 2150 3789 2627 3844; x_wconf 65' lang='lat' dir='ltr'><strong>susannam-1·</strong></span> <span class='ocrx_word' id='word_1_173' title='bbox 2648 3827 2669 3856; x_wconf 93' lang='lat'>‚</span> <span class='ocrx_word' id='word_1_174' title='bbox 2718 3767 3023 3843; x_wconf 87' lang='lat' dir='ltr'><strong>oratione</strong></span> <span class='ocrx_word' id='word_1_175' title='bbox 3058 3765 3281 3866; x_wconf 88' lang='lat' dir='ltr'><strong>patrio</strong></span> <span class='ocrx_word' id='word_1_176' title='bbox 3312 3787 3625 3840; x_wconf 86' lang='lat' dir='ltr'><strong>sermone</strong></span> 
     </span>
     <span class='ocr_line' id='line_1_24' title="bbox 921 3883 3623 3985; baseline 0 -28"><span class='ocrx_word' id='word_1_177' title='bbox 921 3883 1156 3959; x_wconf 78' lang='lat' dir='ltr'><strong>habita</strong></span> <span class='ocrx_word' id='word_1_178' title='bbox 1210 3887 1294 3960; x_wconf 84' lang='lat' dir='ltr'><strong>de</strong></span> <span class='ocrx_word' id='word_1_179' title='bbox 1339 3888 1450 3960; x_wconf 77' lang='lat' dir='ltr'><strong>via</strong></span> <span class='ocrx_word' id='word_1_180' title='bbox 1465 3943 1487 3974; x_wconf 85' lang='lat'>,</span> <span class='ocrx_word' id='word_1_181' title='bbox 1545 3911 1746 3985; x_wconf 78' lang='lat' dir='ltr'><strong>quam</strong></span> <span class='ocrx_word' id='word_1_182' title='bbox 1801 3883 2220 3961; x_wconf 63' lang='lat' dir='ltr'><strong>Niebuhr-ius</strong></span> <span class='ocrx_word' id='word_1_183' title='bbox 2263 3895 2529 3962; x_wconf 69' lang='lat' dir='ltr'><strong>secutus</strong></span> <span class='ocrx_word' id='word_1_184' title='bbox 2570 3890 2669 3962; x_wconf 75' lang='lat' dir='ltr'><strong>eit</strong></span> <span class='ocrx_word' id='word_1_185' title='bbox 2707 3890 2783 3962; x_wconf 78' lang='lat' dir='ltr'><strong>in</strong></span> <span class='ocrx_word' id='word_1_186' title='bbox 2819 3886 3289 3961; x_wconf 60' lang='lat' dir='ltr'><strong>conscribenda</strong></span> <span class='ocrx_word' id='word_1_187' title='bbox 3336 3885 3623 3959; x_wconf 67' lang='lat' dir='ltr'><strong>historia</strong></span> 
     </span>
     <span class='ocr_line' id='line_1_25' title="bbox 919 4003 3221 4105; baseline 0.003 -29"><span class='ocrx_word' id='word_1_188' title='bbox 919 4003 1232 4077; x_wconf 81' lang='lat' dir='ltr'><strong>Romana</strong></span> <span class='ocrx_word' id='word_1_189' title='bbox 1271 4011 1346 4078; x_wconf 82' lang='lat' dir='ltr'><strong>et</strong></span> <span class='ocrx_word' id='word_1_190' title='bbox 1387 4007 1472 4080; x_wconf 84' lang='lat' dir='ltr'><strong>de</strong></span> <span class='ocrx_word' id='word_1_191' title='bbox 1521 4005 1592 4078; x_wconf 75' lang='grc' dir='ltr'><strong>οἱ</strong></span> <span class='ocrx_word' id='word_1_192' title='bbox 1635 4005 1834 4080; x_wconf 73' lang='lat' dir='ltr'><strong>huius</strong></span> <span class='ocrx_word' id='word_1_193' title='bbox 1875 4005 2162 4103; x_wconf 75' lang='lat' dir='ltr'><strong>eoeempli</strong></span> <span class='ocrx_word' id='word_1_194' title='bbox 2203 4008 2278 4080; x_wconf 74' lang='lat' dir='ltr'><strong>in</strong></span> <span class='ocrx_word' id='word_1_195' title='bbox 2315 4007 2819 4105; x_wconf 71' lang='lat' dir='ltr'><strong>quaestionibus</strong></span> <span class='ocrx_word' id='word_1_196' title='bbox 2864 4007 3221 4082; x_wconf 73' lang='lat' dir='ltr'><strong>historicis.</strong></span> 
     </span>
    </p>

    <p class='ocr_par' dir='ltr' id='par_1_11' title="bbox 578 4121 3621 4464">
     <span class='ocr_line' id='line_1_26' title="bbox 578 4121 3621 4225; baseline 0 -28"><span class='ocrx_word' id='word_1_197' title='bbox 578 4121 712 4197; x_wconf 92' lang='lat' dir='ltr'><strong>Die</strong></span> <span class='ocrx_word' id='word_1_198' title='bbox 771 4123 862 4195; x_wconf 82' lang='lat'><strong>13</strong></span> <span class='ocrx_word' id='word_1_199' title='bbox 911 4145 1005 4196; x_wconf 89' lang='lat' dir='ltr'><strong>m.</strong></span> <span class='ocrx_word' id='word_1_200' title='bbox 1085 4121 1407 4197; x_wconf 90' lang='lat' dir='ltr'><strong>Octobris</strong></span> <span class='ocrx_word' id='word_1_201' title='bbox 1477 4122 1605 4196; x_wconf 89' lang='lat' dir='ltr'><strong>Vir</strong></span> <span class='ocrx_word' id='word_1_202' title='bbox 1661 4123 1842 4200; x_wconf 88' lang='lat' dir='ltr'><strong>Clar.</strong></span> <span class='ocrx_word' id='word_1_203' title='bbox 1919 4147 2232 4200; x_wconf 65' lang='lat' dir='ltr'><strong>romulis</strong></span> <span class='ocrx_word' id='word_1_204' title='bbox 2285 4147 2725 4202; x_wconf 70' lang='lat' dir='ltr'><strong>rnronoaus</strong></span> <span class='ocrx_word' id='word_1_205' title='bbox 2794 4149 2998 4202; x_wconf 76' lang='lat' dir='ltr'><strong>auus</strong></span> <span class='ocrx_word' id='word_1_206' title='bbox 3038 4123 3261 4225; x_wconf 88' lang='lat' dir='ltr'><strong>patrio</strong></span> <span class='ocrx_word' id='word_1_207' title='bbox 3308 4146 3621 4198; x_wconf 87' lang='lat' dir='ltr'><strong>sermone</strong></span> 
     </span>
     <span class='ocr_line' id='line_1_27' title="bbox 919 4241 3621 4343; baseline 0.001 -29"><span class='ocrx_word' id='word_1_208' title='bbox 919 4241 1098 4316; x_wconf 82' lang='lat' dir='ltr'><strong>dixit</strong></span> <span class='ocrx_word' id='word_1_209' title='bbox 1140 4243 1226 4316; x_wconf 79' lang='lat' dir='ltr'><strong>de</strong></span> <span class='ocrx_word' id='word_1_210' title='bbox 1271 4250 1522 4317; x_wconf 81' lang='lat' dir='ltr'><strong>natura</strong></span> <span class='ocrx_word' id='word_1_211' title='bbox 1571 4245 1766 4342; x_wconf 66' lang='lat' dir='ltr'><strong>requi</strong></span> <span class='ocrx_word' id='word_1_212' title='bbox 1781 4299 1804 4332; x_wconf 91' lang='lat'><em>,</em></span> <span class='ocrx_word' id='word_1_213' title='bbox 1866 4247 2051 4343; x_wconf 78' lang='lat' dir='ltr'><strong>quod</strong></span> <span class='ocrx_word' id='word_1_214' title='bbox 2077 4253 2290 4343; x_wconf 75' lang='lat' dir='ltr'><strong>pacto</strong></span> <span class='ocrx_word' id='word_1_215' title='bbox 2319 4245 2598 4342; x_wconf 79' lang='lat' dir='ltr'><strong>publico</strong></span> <span class='ocrx_word' id='word_1_216' title='bbox 2648 4249 2968 4322; x_wconf 75' lang='lat' dir='ltr'><strong>innititur</strong></span> <span class='ocrx_word' id='word_1_217' title='bbox 3020 4245 3171 4338; x_wconf 81' lang='lat' dir='ltr'><strong>(bet</strong></span> <span class='ocrx_word' id='word_1_218' title='bbox 3212 4267 3439 4319; x_wconf 82' lang='lat' dir='ltr'><strong>wezen</strong></span> <span class='ocrx_word' id='word_1_219' title='bbox 3488 4265 3621 4319; x_wconf 81' lang='lat' dir='ltr'><strong>van</strong></span> 
     </span>
     <span class='ocr_line' id='line_1_28' title="bbox 921 4359 3561 4464; baseline 0.004 -30"><span class='ocrx_word' id='word_1_220' title='bbox 921 4359 1058 4435; x_wconf 91' lang='lat' dir='ltr'><strong>den</strong></span> <span class='ocrx_word' id='word_1_221' title='bbox 1107 4362 1708 4437; x_wconf 89' lang='lat' dir='ltr'><strong>constitutionelen</strong></span> <span class='ocrx_word' id='word_1_222' title='bbox 1760 4362 2364 4464; x_wconf 85' lang='lat' dir='ltr'><strong>regeringsvorm).</strong></span> <span class='ocrx_word' id='word_1_223' title='bbox 3554 4407 3561 4414; x_wconf 92' lang='lat'><strong>·</strong></span> 
     </span>
    </p>

    <p class='ocr_par' dir='ltr' id='par_1_12' title="bbox 581 4478 3621 4700">
     <span class='ocr_line' id='line_1_29' title="bbox 581 4478 3621 4561; baseline 0 -7"><span class='ocrx_word' id='word_1_224' title='bbox 581 4478 716 4554; x_wconf 90' lang='lat' dir='ltr'><strong>Die</strong></span> <span class='ocrx_word' id='word_1_225' title='bbox 765 4480 860 4553; x_wconf 82' lang='lat'><strong>20</strong></span> <span class='ocrx_word' id='word_1_226' title='bbox 909 4505 1004 4555; x_wconf 90' lang='lat' dir='ltr'><strong>m.</strong></span> <span class='ocrx_word' id='word_1_227' title='bbox 1078 4480 1400 4556; x_wconf 89' lang='lat' dir='ltr'><strong>Octobris</strong></span> <span class='ocrx_word' id='word_1_228' title='bbox 1464 4481 1592 4556; x_wconf 90' lang='lat' dir='ltr'><strong>Vir</strong></span> <span class='ocrx_word' id='word_1_229' title='bbox 1655 4481 1837 4558; x_wconf 85' lang='lat' dir='ltr'><strong>Clar.</strong></span> <span class='ocrx_word' id='word_1_230' title='bbox 1913 4505 2176 4558; x_wconf 71' lang='lat' dir='ltr'><strong>&#39;rosus</strong></span> <span class='ocrx_word' id='word_1_231' title='bbox 2247 4506 2583 4558; x_wconf 66' lang='lat' dir='ltr'><strong>monam,</strong></span> <span class='ocrx_word' id='word_1_232' title='bbox 2654 4507 2985 4561; x_wconf 63' lang='lat' dir='ltr'><strong>canotus</strong></span> <span class='ocrx_word' id='word_1_233' title='bbox 3060 4505 3283 4559; x_wconf 71' lang='lat' dir='ltr'><strong>asana</strong></span> <span class='ocrx_word' id='word_1_234' title='bbox 3360 4503 3621 4556; x_wconf 86' lang='lat' dir='ltr'><strong>munus</strong></span> 
     </span>
     <span class='ocr_line' id='line_1_30' title="bbox 920 4599 3617 4700; baseline 0 -26"><span class='ocrx_word' id='word_1_235' title='bbox 920 4623 1124 4674; x_wconf 88' lang='lat' dir='ltr'><strong>suum</strong></span> <span class='ocrx_word' id='word_1_236' title='bbox 1172 4599 1568 4700; x_wconf 85' lang='lat' dir='ltr'><strong>auspicatus</strong></span> <span class='ocrx_word' id='word_1_237' title='bbox 1617 4609 1724 4677; x_wconf 88' lang='lat' dir='ltr'><strong>est</strong></span> <span class='ocrx_word' id='word_1_238' title='bbox 1777 4601 2083 4677; x_wconf 87' lang='lat' dir='ltr'><strong>oratione</strong></span> <span class='ocrx_word' id='word_1_239' title='bbox 2132 4601 2369 4678; x_wconf 87' lang='lat' dir='ltr'><strong>habita</strong></span> <span class='ocrx_word' id='word_1_240' title='bbox 2421 4605 2507 4678; x_wconf 79' lang='lat' dir='ltr'><strong>de</strong></span> <span class='ocrx_word' id='word_1_241' title='bbox 2553 4607 2703 4680; x_wconf 79' lang='lat' dir='ltr'><strong>iure</strong></span> <span class='ocrx_word' id='word_1_242' title='bbox 2746 4606 3145 4681; x_wconf 77' lang='lat' dir='ltr'><strong>mercatorio</strong></span> <span class='ocrx_word' id='word_1_243' title='bbox 3192 4609 3267 4678; x_wconf 76' lang='lat' dir='ltr'><strong>et</strong></span> <span class='ocrx_word' id='word_1_244' title='bbox 3317 4603 3403 4676; x_wconf 80' lang='lat' dir='ltr'><strong>de</strong></span> <span class='ocrx_word' id='word_1_245' title='bbox 3446 4625 3617 4676; x_wconf 78' lang='lat' dir='ltr'><strong>mer-</strong></span> 
     </span>
    </p>
   </div>
   <div class='ocr_carea' id='block_1_8' title="bbox 921 4714 3227 4914">
    <p class='ocr_par' dir='ltr' id='par_1_13' title="bbox 921 4714 3227 4914">
     <span class='ocr_line' id='line_1_31' title="bbox 921 4714 2858 4823; baseline 0.004 -30"><span class='ocrx_word' id='word_1_246' title='bbox 921 4726 1216 4794; x_wconf 76' lang='lat' dir='ltr'><strong>catorum</strong></span> <span class='ocrx_word' id='word_1_247' title='bbox 1261 4724 1552 4820; x_wconf 67' lang='lat' dir='ltr'><strong>neyotiis</strong></span> <span class='ocrx_word' id='word_1_248' title='bbox 1603 4714 2076 4821; x_wconf 82' lang='lat' dir='ltr'><strong>(handelsregt</strong></span> <span class='ocrx_word' id='word_1_249' title='bbox 2122 4745 2206 4796; x_wconf 89' lang='lat' dir='ltr'><strong>en</strong></span> <span class='ocrx_word' id='word_1_250' title='bbox 2259 4721 2858 4823; x_wconf 70' lang='lat' dir='ltr'><strong>handelsbedriji).</strong></span> 
     </span>
     <span class='ocr_line' id='line_1_32' title="bbox 3133 4843 3227 4914; baseline -0.011 0"><span class='ocrx_word' id='word_1_251' title='bbox 3133 4843 3227 4914; x_wconf 85' lang='lat'><strong>41</strong></span> 
     </span>
    </p>
   </div>
   <div class='ocr_carea' id='block_1_9' title="bbox 1913 4899 2292 4930">
    <p class='ocr_par' dir='ltr' id='par_1_14' title="bbox 1913 4899 2292 4930">
     <span class='ocr_line' id='line_1_33' title="bbox 1913 4899 2292 4930; baseline 0 1061"><span class='ocrx_word' id='word_1_252' title='bbox 1913 4899 2292 4930; x_wconf 95' lang='lat' dir='ltr'><strong> </strong></span> 
     </span>
    </p>
   </div>
  </div>
 </body>
</html>
