4728 5991
1067 572 1156 637 52
2155 570 2236 637 G.
2306 569 2387 634 G.
2458 571 3043 639 PLUYGERS

1065 777 1290 853 iacere
1333 776 1570 853 sinat?
1622 777 2090 853 verendumne
2126 786 2275 866 est,
2323 801 2415 853 ne
2461 787 2772 855 veterum
2806 778 3205 913 linguarum
3250 779 3608 871 studium,
3658 784 3849 882 quod
3884 786 4113 863 solum

1067 896 1258 972 illius
1320 896 1732 996 prudentiae
1791 896 2020 973 fontes
2083 897 2344 997 aperit,
2413 898 2699 975 annales
2759 898 3033 999 generis
3096 898 3387 974 humani
3428 902 3719 991 evolvit,
3776 904 4117 1005 principia

1069 1015 1432 1093 civitatum
1493 1042 1576 1093 ac
1639 1041 1874 1091 rerum
1930 1016 2369 1117 publicarum
2416 1016 2757 1106 illustrat,
2820 1016 3217 1117 negligatur
3266 1043 3595 1119 umquam
3640 1030 3767 1098 aut
3808 1024 4117 1103 obsoles-

1067 1144 1182 1211 cat
1195 1137 1230 1209 Ρ
1303 1134 1502 1211 Haec
1553 1142 1702 1211 erat
1751 1160 1964 1233 quam
2025 1136 2342 1213 dicebam
2384 1145 2795 1236 perpetuam
2850 1145 2925 1212 et
2969 1138 3425 1215 necessariam
3478 1149 3789 1219 veterum
3840 1143 4115 1246 lingua·

1068 1280 1228 1332 rum
1297 1254 1624 1331 scientiae
1693 1256 2104 1331 utilitatem.
2180 1257 2308 1331 hoc
2372 1258 2659 1332 firmum
2728 1256 2905 1332 illud
2966 1256 3407 1391 antiquarum
3462 1259 3847 1339 litterarum
3900 1266 4121 1342 studii

1069 1374 1528 1474 praesidium,
1571 1400 1714 1474 quo
1759 1374 2102 1474 quamdiu
2147 1375 2505 1451 munitum
2560 1383 2786 1464 esset,
2838 1383 3185 1451 staturum
3230 1377 3463 1511 ipsum
3508 1389 3720 1479 atque
3768 1384 4123 1485 integrum

1070 1493 1216 1573 fore
1261 1494 1792 1571 contendebam.

1169 1614 1356 1689 Nam
1425 1612 1601 1712 quid
1665 1638 1838 1713 ego,
1907 1614 2068 1687 AA.
2091 1671 2113 1702 ,
2179 1612 2411 1710 ipsum
2474 1612 2653 1689 illud
2720 1613 3035 1689 studium
3097 1616 3373 1714 propria
3438 1618 3743 1716 quadam
3798 1623 4123 1699 utilitatis

1070 1732 1674 1809 commendatione
1739 1730 2075 1807 efferam?
2145 1756 2358 1830 quam
2425 1732 2711 1832 quidem
2785 1734 3053 1809 nullam
3100 1733 3311 1809 babet
3370 1760 3600 1836 neque
3655 1762 3817 1815 vero
3866 1741 4121 1819 habere

1069 1860 1326 1953 potest.
1427 1852 1589 1929 Hoc
1659 1852 1846 1927 enim
1915 1852 1982 1927 ei
2027 1876 2397 1927 commune
2444 1861 2553 1927 est
2604 1876 2769 1927 cum
2814 1854 3060 1927 ceteris
3106 1853 3358 1929 studiis
3404 1880 3585 1954 quae
3632 1858 3707 1931 in
3760 1862 4121 1958 qualicun.

1073 1997 1213 2071 que
1267 1971 1492 2071 pulcri
1564 1971 1979 2069 venustique
2039 1971 2266 2069 specie
2309 1971 2845 2071 contemplanda
2887 1979 3245 2048 versantur
3258 2031 3280 2062 ,
3342 1982 3423 2049 ut
3473 1975 3801 2053 honestae
3840 2006 3923 2057 ac
3965 2006 4123 2058 vere

1071 2092 1422 2167 humanae
1471 2091 1948 2171 delectationis
1989 2114 2127 2166 non
2179 2092 2499 2167 utilitatis
2542 2092 2775 2168 fructu
2818 2091 3331 2168 aestimandum
3378 2094 3491 2170 sit.
3590 2098 3805 2175 Quod
3842 2105 4127 2178 tametsi

1075 2211 1276 2288 aliter
1339 2218 1524 2289 esset
1543 2269 1564 2300 ‚
1637 2211 1916 2286 tametsi
1983 2219 2242 2286 certam
2311 2212 2773 2287 maximorum
2840 2212 3363 2287 commodorum
3428 2238 3623 2313 spem
3688 2220 4087 2297 ostenderet
4102 2282 4124 2313 ,

1073 2330 1217 2407 hac·
1258 2337 1492 2405 tamen
1537 2354 1662 2429 spe
1706 2353 1938 2405 vereor
1995 2338 2076 2403 ut
2122 2353 2550 2429 quemquam
2596 2330 2921 2407 alliceret.
3024 2332 3129 2406 Ea
3170 2332 3359 2405 enim
3400 2342 3509 2407 est
3552 2336 3777 2433 pulcri
3817 2344 4125 2417 venusti·

1078 2473 1218 2548 que
1285 2457 1576 2537 natura,
1643 2460 1724 2525 ut
1793 2476 1836 2527 a
1897 2474 2040 2548 quo
2092 2458 2419 2526 cernatur
2464 2474 2629 2525 eum
2674 2476 2801 2526 sua
2848 2450 2916 2526 vi
2960 2474 3087 2550 per
3142 2474 3217 2525 se
3268 2452 3493 2528 solum
3538 2455 3769 2532 trahat
3816 2460 4124 2536 ardenti·

1076 2593 1221 2668 que
1270 2592 1505 2645 amore
1546 2569 1916 2658 incendat,
1966 2593 2178 2666 quem
2228 2593 2391 2645 vero
2432 2594 2573 2645 non
2616 2568 2885 2659 trahat,
2934 2577 3020 2645 ut
3068 2569 3163 2645 ab
3207 2593 3297 2645 eo
3342 2596 3433 2645 ne
3476 2583 3797 2651 cernatur
3836 2580 4129 2679 quidem

1082 2712 1362 2770 necesse
1411 2688 1543 2778 sit3
1614 2714 1826 2788 quam
1877 2690 2202 2768 cernendi
2252 2689 2817 2791 percipiendique
2858 2688 3255 2765 facultatem
3276 2746 3299 2779 ‚
3344 2714 3437 2765 ne
3488 2694 3791 2771 maximo
3836 2699 4121 2797 quidem

1075 2806 1402 2886 utilitatis
1441 2808 1749 2908 praemio
1791 2809 2146 2909 proposito
2161 2866 2182 2898 ‚
2232 2832 2441 2887 nemo
2483 2808 2703 2909 possit
2754 2815 2881 2883 aut
2920 2808 2997 2883 in
3036 2808 3191 2883 aliis
3228 2819 3353 2886 aut
3382 2810 3459 2886 in
3496 2836 3571 2887 se
3612 2813 3763 2913 ipse
3800 2819 4123 2899 excitare.

1173 2924 1382 3002 Hanc
1455 2926 1674 3028 igitur
1740 2927 2072 3005 fiduciam
2141 2924 2387 3001 afferre
2460 2932 2733 3025 oportet
2798 2925 2925 3026 qui
2992 2936 3303 3004 veterum
3366 2930 3751 3010 litterarum
3806 2938 4125 3019 studium

1079 3070 1468 3146 numquam
1516 3047 1964 3127 interiturum
2017 3071 2168 3124 esse
2221 3043 2513 3120 firmiter
2564 3053 2883 3144 sperant:
2952 3046 3259 3145 primum
3279 3108 3302 3139 ,
3364 3050 3511 3126 fore
3560 3079 3833 3154 semper
3872 3061 3999 3157 qui
4040 3085 4126 3139 eo

1071 3165 1352 3266 ingenio
1417 3167 1718 3268 praediti
1777 3167 1962 3256 sint,
2031 3171 2113 3240 ut
2157 3162 2334 3262 quid
2386 3163 2717 3238 decorum
2762 3187 2845 3238 ac
2893 3173 3265 3241 venustum
3318 3169 3411 3242 sit
3453 3170 3803 3272 percipere
3846 3187 3921 3252 et
3966 3203 4123 3278 per.

1075 3284 1444 3362 sentiscere
1512 3287 1822 3386 possint3
1889 3293 2044 3360 tum
2106 3307 2263 3366 vero
2315 3281 2765 3383 antiquarum
2815 3283 3201 3360 litterarum
3251 3297 3683 3366 venustatem
3734 3318 4123 3397 numquam

1069 3429 1156 3480 ex
1213 3414 1594 3505 conspectu
1649 3405 2015 3480 hominum
2059 3403 2429 3501 abreptum
2483 3402 2568 3476 iri
2622 3409 2931 3478 veterum
2988 3402 3383 3500 linguarum
3436 3407 3867 3506 ignoratione
3909 3417 4123 3494 obvo-

1067 3523 1314 3603 lutam.
1419 3524 1580 3600 Hoc
1631 3531 1870 3600 autem
1917 3547 2006 3598 ne
2053 3523 2178 3598 fiat
2229 3546 2541 3620 unquam
2590 3522 2804 3598 vereri
2850 3522 3024 3620 quid
3070 3521 3265 3598 aliud
3308 3534 3419 3598 est
3465 3552 3679 3625 quam
3726 3537 3941 3610 vereri
3957 3594 3980 3625 ,
4028 3564 4121 3616 ne

1071 3643 1452 3741 aliquando
1508 3641 1718 3717 homo
1779 3641 2134 3718 hominem
2193 3667 2268 3718 se
2313 3667 2463 3718 esse
2517 3641 2965 3718 obliviscatur
3010 3641 3323 3741 nihilque
3366 3645 3705 3726 humanas
3742 3677 3855 3729 res
3899 3659 3991 3732 ad
4044 3686 4121 3738 se

1067 3763 1416 3863 pertinere
1465 3761 1889 3836 arbitretur?
1963 3761 2285 3837 Alterum
2340 3787 2499 3837 vero
2516 3821 2539 3852 ,
2588 3761 2733 3836 fore
2778 3785 3051 3861 semper
3094 3761 3401 3860 ingenuo
3444 3789 3527 3841 ac
3568 3767 3835 3848 liberali
3882 3778 4117 3856 animo

1067 3882 1420 3982 praeditos
1481 3905 1659 3978 quos
1723 3882 1986 3956 Graeca
2045 3881 2437 3981 Latineque
2504 3905 2632 3958 ven
2640 3892 2831 3958 ustas
2895 3881 3121 3958 trahat
3184 3890 3396 3980 atque
3450 3884 3527 3960 in
3584 3888 4115 3978 admirationem

1067 3983 1330 4100 rapiat,
1403 3999 1562 4097 quis
1628 3998 1805 4088 Vos,
1879 4000 2152 4099 Optimi
2219 3999 2718 4074 Adolescentes
2739 4056 2760 4086 ,
2831 3997 3114 4072 intuens
3184 3997 3547 4098 desperare
3610 4011 3881 4105 possit?
3946 4017 4117 4095 Fuit

1063 4137 1344 4218 semper
1403 4126 1679 4194 nostrae
1745 4120 1976 4218 gentis
2021 4119 2297 4220 propria
2339 4141 2547 4194 sanae
2602 4118 2953 4194 doctrinae
3002 4126 3215 4217 atque
3256 4121 3663 4200 eruditionis
3706 4129 3897 4221 laus,
3946 4161 4112 4216 cum

1067 4238 1490 4337 reliquarum
1542 4238 1800 4314 artium
1839 4238 2220 4338 disciplinis
2274 4247 2429 4314 tum
2482 4263 2641 4313 vero
2686 4238 3069 4312 litterarum
3117 4246 3331 4337 atque
3376 4239 3829 4326 humanitatis
3876 4258 4113 4336 studio

941 4371 951 4376 “
1068 4357 1384 4457 quaesita
1447 4383 1526 4432 ac
1593 4367 2007 4459 comparata.
2108 4358 2315 4434 Hanc
2366 4357 2649 4433 laudem
2698 4383 2740 4431 a
2788 4355 3163 4432 maioribus
3213 4367 3481 4457 partam
3532 4363 3957 4472 Vestraeque
4004 4380 4113 4454 in.

1067 4477 1380 4554 dustriae
1400 4479 1838 4557 commissam
1858 4478 2004 4556 Vos
2027 4479 2399 4556 tuebimini
2413 4477 2845 4576 posterisque
2864 4475 3203 4575 integram
3224 4478 3781 4584 incolumemque
3799 4497 4107 4580 tradetis

1063 4599 1175 4674 Ita
1239 4598 1298 4674 si
1345 4599 1626 4697 quando
1682 4599 1943 4697 ubique
1989 4599 2080 4674 ab
2126 4595 2457 4674 omnibus
2513 4604 2823 4673 veterum
2880 4594 3265 4672 litterarum
3316 4600 3629 4679 studium
3676 4609 4111 4714 relinquatur

1063 4719 1170 4794 vel
1216 4717 1614 4809 abiiciatur‚
1674 4742 1798 4818 per
1848 4719 2168 4796 Vestram
2224 4724 2459 4791 tamen
2516 4715 2839 4790 virtutem
2884 4705 3195 4790 manebit
3244 4725 3457 4816 atque
3502 4721 3801 4804 durabit.
