4728 5991
1866 589 2427 656 ORATIO.
3547 601 3672 668 231

724 805 871 882 Sed
936 803 1195 880 maiore
1262 800 1399 874 iam
1466 796 1727 873 afficior
1780 795 2041 898 gaudio
2062 853 2084 886 ,
2150 796 2243 872 ad
2306 794 2454 872 Vos
2517 797 2726 874 verba
2773 800 3186 903 vultumque
3232 813 3675 898 convertens,

606 924 981 1004 clarissimi
1056 919 1471 1020 Theologiae
1534 917 1963 992 Professores
1981 974 2003 1007 ,
2068 916 2331 1016 quibus
2385 917 2720 995 accedens
2782 921 3025 998 saltem
3092 948 3534 1026 nequaquam
3599 927 3674 1002 in

605 1051 801 1125 terra
869 1042 1221 1146 incognita
1296 1061 1541 1116 versor.
1660 1035 1853 1112 Huic
1916 1036 2175 1136 gaudio
2244 1045 2432 1113 certe
2495 1038 2682 1116 iusta
2751 1040 3032 1118 tristitia
3099 1045 3412 1135 subest,-
3445 1071 3668 1146 quum

614 1191 869 1243 virum
935 1191 1015 1241 ac
1082 1183 1571 1246 aoraaansu,
1643 1156 2127 1230 humanissimi
2192 1157 2366 1247 viri,
2427 1159 2777 1252 recordor,
2845 1162 2970 1262 qui
3025 1176 3250 1253 certe,
3316 1165 3376 1240 si
3443 1167 3671 1244 adhue

608 1289 801 1364 inter
860 1286 1047 1362 vivos
1112 1285 1482 1384 degerent,
1552 1299 1693 1352 non
1756 1277 2259 1352 recusavissent
2321 1278 2450 1353 hac
2525 1281 2688 1354 hora
2757 1294 3114 1382 paternam
3186 1284 3506 1361 dicamne
3577 1310 3668 1362 an

608 1409 995 1484 fraternam
1054 1403 1227 1480 mihi
1290 1399 1453 1476 laeti
1500 1396 1845 1498 porrigere
1894 1421 2201 1474 manum.
2310 1399 2452 1474 Sed
2505 1401 2606 1475 Te
2653 1403 3094 1502 superstitem
3144 1404 3385 1495 video,
3435 1405 3666 1482 claris-

611 1528 795 1604 sime
840 1547 1186 1611 munau,
1242 1545 1371 1596 nec
1422 1517 1863 1618 superstitem
1916 1527 2231 1607 tantum,
2300 1519 2430 1594 sed
2473 1520 2543 1595 in
2591 1521 2740 1622 ipsa
2793 1524 3095 1624 corporis
3135 1527 3524 1604 eaducitate
3569 1527 3670 1602 ita

618 1647 1005 1733 valentem,
1071 1643 1459 1743 vigentem,
1522 1637 1977 1727 militantem,
2027 1647 2109 1712 nt
2152 1638 2406 1714 iuniori
2459 1641 2952 1733 commilitoni,
3003 1643 3368 1744 eidemque
3419 1645 3664 1745 gratis-

614 1768 797 1844 simo
862 1763 1237 1863 discipulo,
1306 1761 1443 1835 iam
1523 1759 1723 1834 miles
1794 1759 2230 1859 antiquitatis
2302 1760 2660 1837 Romanae
2729 1788 3096 1864 appareas,
3165 1765 3290 1864 qui
3345 1765 3666 1866 clypeum

612 1913 757 1964 non
828 1886 963 1962 nisi
1015 1907 1179 1960 cum
1250 1880 1387 1954 vita
1452 1879 1602 1978 ipsa
1660 1877 1985 1978 deponit,
2036 1879 2181 1954 imo
2224 1879 2400 1954 alter
2447 1903 2974 1972 VESPASIANUS,
3024 1884 3148 1983 qni
3195 1885 3440 1960 ultima
3489 1886 3668 1962 vitae

612 2006 903 2110 periodo
970 2005 1469 2102 Imperatorem
1534 2009 1837 2074 stantem
1904 1999 2080 2074 mori
2138 2010 2453 2100 oportere
2495 1999 2746 2100 ajebat.
2847 2003 3064 2082 Quod
3117 2027 3204 2078 ne
3252 2005 3326 2079 in
3403 2006 3668 2080 melum

612 2151 819 2202 omen
892 2125 987 2200 sit
1054 2123 1323 2198 dietum
1342 2179 1363 2209 ,
1432 2143 1675 2194 omnes
1738 2129 2103 2218 precantur
2121 2177 2142 2208 ,
2209 2119 2333 2219 qui
2400 2131 2468 2194 te
2539 2121 3048 2222 Theologorum
3120 2123 3667 2200 Treiectinorum

614 2249 987 2324 Nestorem
1050 2253 1261 2342 atque
1326 2238 1887 2339 Antesignanum
1939 2263 2216 2314 summo
2262 2240 2410 2314 inre
2465 2240 2752 2316 maximi
2799 2241 3103 2332 faciunt,
3171 2267 3376 2320 nemo
3429 2255 3666 2320 antem

614 2393 732 2443 me
800 2364 1159 2444 ardentius
1228 2369 1459 2462 potest
1512 2359 1813 2459 precari,
1878 2359 2003 2458 qui
2070 2358 2225 2458 ipso
2276 2360 2754 2436 recentissimo
2807 2371 3118 2462 tempore
3171 2373 3242 2438 te
3295 2375 3666 2464 petronem

614 2499 865 2564 nactus
912 2511 1110 2574 sum,
1178 2494 1323 2558 tam
1372 2489 1727 2581 potentem
1774 2487 1987 2578 atque
2032 2488 2175 2554 tam
2228 2503 2684 2578 generosum,
2737 2489 2818 2554 nt
2863 2481 3037 2556 nulli
3085 2483 3362 2572 clienti,
3413 2484 3670 2559 iniuria

614 2619 978 2698 accusato,
1048 2605 1293 2680 melior
1361 2625 1665 2700 unquam
1730 2611 1917 2674 esset
1970 2599 2321 2699 optandus
2377 2602 2464 2694 ι).
2563 2600 2678 2676 Tu
2733 2599 2984 2700 igitur,
3051 2601 3180 2677 Vir
3222 2601 3664 2695 Clarissima,

612 2741 959 2830 quantum
1034 2727 1213 2800 vitae
1282 2721 1669 2820 viriumque
1744 2719 1875 2794 tibi
1946 2730 2265 2820 superest
2330 2763 2434 2783 —
2505 2720 2805 2820 supersit
2872 2729 3108 2796 autem
3173 2747 3386 2823 quam
3445 2723 3660 2824 pluri-

616 2873 815 2924 mum
877 2889 982 2908 -
1038 2845 1151 2921 'l’u
1194 2843 1479 2918 Mentor
1518 2839 1691 2914 mihi
1734 2851 1947 2940 atqua
1994 2841 2301 2916 Monitor
2352 2865 2671 2929 maneas,
2721 2840 2996 2942 inopiae
3049 2865 3244 2918 meae
3289 2853 3455 2919 tnae
3505 2843 3664 2920 doe·

616 2969 835 3046 trinae
888 2965 1086 3067 eopia
1152 2959 1481 3039 benevole
1541 2983 1987 3051 succurrens,
2050 2960 2366 3061 mihique
2417 2959 2852 3052 condonans,
2918 2961 2977 3037 si
3030 2987 3188 3039 mox
3242 2963 3414 3039 aliae
3469 2963 3667 3041 dotes

618 3089 749 3165 tibi
810 3112 1029 3187 aeque
1094 3084 1476 3161 medioeres
1538 3090 1955 3181 appareant,
2030 3104 2241 3181 quam
2306 3080 2610 3155 latinitas
2672 3106 2865 3172 mea,
2933 3108 3114 3183 quae
3181 3084 3355 3173 tibi,
3415 3085 3668 3161 oratori

618 3209 743 3285 nni
808 3208 881 3283 in
950 3206 1191 3308 paucis
1256 3202 1573 3290 classico,
1643 3225 1781 3276 non
1848 3200 2207 3303 displicere
2280 3226 2419 3277 non
2489 3202 2740 3301 potuit.
2811 3244 2913 3259 —
2970 3205 3037 3278 A
3084 3204 3222 3294 Te,
3272 3204 3668 3283 Clarissima

614 3356 757 3409 ‘rsa
808 3354 1052 3418 asan,
1102 3328 1281 3403 hane
1335 3321 1845 3423 indulgentiam
1896 3346 2033 3397 non
2085 3348 2254 3423 rogo
2306 3331 2624 3410 tantum,
2677 3322 2800 3397 sed
2853 3322 3056 3397 firma
3115 3324 3256 3398 fide
3305 3336 3662 3425 exspecto:

615 3476 777 3527 nam
838 3462 912 3526 te
970 3446 1383 3547 adspicienti
1440 3444 1637 3519 facile
1698 3443 1871 3517 mihi
1926 3451 2385 3531 succurrunt,
2451 3467 2634 3542 quae
2685 3442 2775 3516 de
2817 3444 3084 3541 optimo
3129 3444 3338 3519 fratre
3389 3468 3668 3522 sauses

616 3571 917 3672 scripsit:
994 3567 1325 3667 neoepisti
1372 3564 1607 3639 mirari
1658 3562 2053 3637 comitatem
2112 3572 2323 3661 atque
2373 3561 2897 3659 incompositam
2957 3564 3410 3653 suavitatem;
3461 3590 3668 3641 nemo

616 3688 1009 3765 mortalium
1074 3685 1197 3759 uni
1256 3693 1405 3757 tam
1465 3681 1689 3756 dulcis
1740 3688 1888 3771 est,
1956 3704 2167 3779 quam
2218 3681 2327 3755 hic
2377 3680 2708 3756 omnibus
2755 3683 2896 3775 ⁸).''
2997 3684 3098 3758 'l'e
3146 3692 3464 3784 poe‘tam,
3514 3710 3664 3761 ora-

616 3818 839 3885 torem
909 3828 1217 3893 sacrum,
1280 3802 1685 3900 theologum
1744 3800 2149 3876 historicum
2210 3801 2462 3901 perdiu
2525 3801 2664 3875 iam
2725 3800 2796 3875 in
2851 3802 3072 3877 oeulis
3119 3804 3453 3890 tuleram;
3519 3803 3665 3879 fore

616 3940 851 4006 autem
918 3937 1001 4003 nt
1062 3936 1135 4000 te
1198 3922 1533 4023 collegam
1579 3920 1863 3995 tandem
1908 3920 2205 3996 salutare
2252 3921 2524 4010 liceret,
2576 3920 2704 3994 hoc
2749 3920 2926 3995 mihi
2966 3931 3151 3997 certe
3201 3946 3340 3996 non
3393 3946 3664 4022 praesa·

616 4050 929 4151 giverant
981 4057 1209 4132 astra,
1278 4066 1539 4141 quum,
1610 4052 1771 4115 ante
1840 4040 1967 4115 hos
2034 4038 2529 4140 septemdecim
2593 4063 2851 4130 annos,
2919 4040 3208 4116 memini
3271 4040 3503 4130 enim,
3575 4042 3665 4117 de

616 4182 959 4245 astrorum
1020 4162 1301 4265 agmine
1364 4184 1595 4235 comm
1654 4172 1857 4235 coetu
1926 4159 2133 4236 verba
2200 4159 2552 4248 faeturns,
2623 4166 2693 4233 te
2747 4182 2884 4235 non
2931 4161 3082 4236 sine
3127 4161 3312 4235 iusta
3360 4160 3666 4261 quadam

616 4287 963 4364 anxietate
1030 4284 1213 4359 inter
1278 4280 1627 4357 auditores
1696 4281 2035 4369 viderem}
2102 4304 2261 4355 mox
2337 4303 2495 4355 vero
2563 4279 2914 4369 reficerer,
2983 4303 3069 4355 ex
3133 4288 3208 4355 te
3277 4280 3666 4372 audiendo,

702 4584 755 4661 ι)
811 4582 901 4644 ci.
946 4599 1007 4644 n.
1044 4596 1321 4653 noum,
1360 4580 1428 4639 de
1470 4578 1927 4655 Godqeleerdheid
1957 4597 2024 4639 en
2062 4580 2199 4639 lare
2238 4582 2592 4655 beoquan
2630 4579 2692 4639 in
2731 4580 3076 4641 Nederland.
3117 4585 3223 4641 ete.
3271 4580 3422 4642 Trai.
3471 4582 3662 4653 1862,

658 4732 676 4749 .
798 4688 915 4743 —2
962 4727 979 4744 .

618 4711 659 4771 p
705 4692 797 4870 ⁸3⁴
818 4688 1047 4849 Βικοιοι
1066 4830 1081 4859 ,
1121 4787 1183 4847 in
1216 4786 1414 4867 Praef.
1456 4786 1534 4845 ad
1568 4786 1711 4845 Nat.
1758 4786 1981 4851 Quaest.
2024 4782 2090 4843 L.
2132 4782 2240 4845 IV.
