4728 5991
1050 550 1175 619 1ae
2217 549 2912 633 G.LLONGQ

1037 762 1181 821 sium
1234 761 1596 830 Patauinum,
1653 760 1815 820 Utini
1873 764 2032 822 1654
2092 783 2146 843 p.
2192 765 2330 821 420.
2409 759 2536 822 Iac.
2587 776 2974 832 racemum,
3033 756 3201 818 Fasti
3242 757 3530 836 Gymnas&
3567 758 3870 832 Pacate,
3911 750 4106 821 Patav'.

1047 867 1207 927 1⁷54
1247 884 1305 944 p.
1350 867 1498 933 215,
1548 868 1664 923 238
1706 882 1894 943 seqq..
1938 864 2091 924 alibi.

1119 964 1199 1045 ²⁸)
1258 968 1325 1025 In
1384 966 1651 1026 Oratione
1708 965 1824 1026 sive
1886 968 2125 1043 Prologo
2172 965 2518 1043 inaugurali,
2573 986 2685 1045 quo
2725 964 3048 1045 perpendit,
3107 966 3278 1031 Quam
3317 963 3582 1036 inc-ada,
3625 964 3788 1027 utilis
3827 971 3889 1025 et
3925 982 4109 1025 neees-

1033 1068 1191 1128 sav-ia
1250 1068 1331 1128 eit
1386 1068 1571 1128 nostn‘
1624 1068 1867 1144 comitio
1918 1088 2025 1144 per
2088 1075 2390 1129 anatem.
2471 1068 2691 1129 Titulus
2744 1074 2860 1127 est:
2917 1068 3224 1127 Gumamn
3269 1083 3600 1139 arnum,
3668 1067 4003 1140 fruimini,
4045 1067 4106 1127 ia

1033 1177 1335 1248 susceptam
1394 1171 1454 1231 in
1512 1172 1690 1233 Aead.
1738 1172 1945 1247 patria
2001 1171 2157 1231 Med.
2205 1170 2498 1246 practicae
2557 1178 2616 1230 ec
2677 1175 2972 1231 Amtones
3017 1170 3424 1249 professionem
3465 1172 3742 1245 Proloqu
3757 1214 3774 1243 ,
3829 1170 4102 1229 rdtatu

1036 1292 1117 1334 xv
1158 1275 1292 1333 Kal.
1336 1274 1530 1348 April.
1568 1293 1715 1333 amo
1761 1290 2101 1334 nncxxxu.
2156 1274 2457 1334 Ultraiecti
2500 1274 2677 1333 1638.

1117 1376 1199 1451 n)
1264 1378 1445 1435 aeNon
1506 1396 1725 1457 possum
1782 1397 1891 1437 non
1953 1376 2046 1436 hic
2110 1377 2343 1435 multum
2386 1373 2685 1445 laudare,'’
2727 1381 2857 1433 sunt
2897 1372 3066 1433 verba
3107 1390 3372 1445 trram,
3435 1370 3867 1433 aeClarissimum
3904 1378 3965 1433 et
4005 1391 4102 1433 ex·

1034 1478 1495 1559 perientissimum
1554 1479 1730 1539 virum
1781 1479 1893 1540 Dn.
1952 1495 2337 1539 colmannum
2396 1493 2758 1537 sunnam(
2778 1521 2791 1548 ,
2847 1477 3010 1557 Reip.
3060 1476 3262 1535 Ultrai.
3325 1475 3605 1536 Medicum
3623 1520 3640 1546 ,
3684 1480 3850 1555 atque
3887 1473 4100 1535 ibidem

1033 1582 1347 1643 Medicinae
1380 1578 1661 1643 Praeticae
1696 1589 1753 1643 et
1787 1582 2115 1642 Anatomiae
2152 1582 2520 1641 Professorem
2559 1580 3003 1649 celeberrimum,
3047 1580 3144 1659 qui
3179 1598 3290 1639 non
3327 1581 3538 1650 solum,
3579 1584 3847 1658 quantum
3879 1578 3942 1637 in
3975 1578 4098 1658 ipso

1032 1691 1145 1757 est,
1188 1686 1511 1763 diligentem
1551 1705 1736 1745 curam
1777 1686 1834 1744 in
1878 1684 2232 1745 Nosocomiis
2274 1682 2456 1760 aegris
2501 1682 2612 1742 suis
2653 1688 2924 1763 praestat,
2965 1688 3130 1761 atque
3169 1681 3386 1743 diaetas
3426 1680 3892 1743 accuratissimam
3927 1678 4096 1741 ratio·

1032 1808 1160 1849 nem
1202 1789 1493 1860 observat,
1552 1808 1739 1849 verum
1782 1788 1947 1848 etiam
1998 1788 2092 1847 ubi
2131 1791 2417 1863 aegrotum
2459 1791 2673 1846 ”tante
2719 1786 3083 1846 studiosorum
3127 1804 3330 1845 corona
3371 1782 3810 1855 examinaverit,
3861 1787 3988 1863 post
4025 1800 4098 1843 οι

1031 1888 1262 1950 historia
1303 1888 1461 1949 istius
1500 1888 1651 1965 aegri
1692 1890 1858 1949 solvit
1898 1888 2275 1967 quaestionem
2298 1932 2314 1958 ,
2370 1887 2494 1966 quis
2532 1888 2606 1947 sit
2643 1886 2900 1956 morbus,
2943 1906 3085 1966 quae
3129 1888 3246 1947 eius
3287 1906 3510 1959 causae,
3561 1890 3624 1946 ut
3663 1892 3720 1946 et
3761 1890 4100 1965 symptoma-

1029 1996 1149 2053 tum
1167 2037 1183 2064 ,
1240 1991 1531 2073 (omissum
1584 2011 1703 2053 esse
1750 1991 1965 2052 videtur
2006 1992 2235 2052 verbum
2281 2015 2310 2043 n
2327 1989 2468 2049 ratio
2511 1991 2596 2049 vel
2638 1989 3038 2069 significatio”)
3077 2009 3218 2069 quae
3259 1988 3582 2070 prognosis,
3624 2007 3766 2069 quae
3805 1986 3860 2047 ei
3895 1986 4096 2047 debea-

1030 2099 1121 2153 tur
1160 2093 1371 2153 curatio
1390 2136 1405 2163 ,
1450 2098 1613 2172 atque
1658 2092 1941 2152 historiam
1982 2094 2069 2153 ita
2106 2096 2398 2151 tractatam
2437 2090 2659 2171 publica
2697 2089 3065 2171 disputatione
3108 2091 3360 2152 ventilari
3399 2090 3688 2173 permittit.
3749 2090 3846 2150 Sic
3885 2088 4093 2149 etenim

1034 2195 1281 2256 studiosa
1322 2196 1578 2255 iuventus
1613 2195 1773 2254 simul
1812 2195 2037 2255 modum
2072 2193 2325 2254 versandi
2360 2194 2507 2255 circa
2531 2201 2789 2270 aegrotos
2826 2192 3090 2266 addiscit,
3133 2187 3300 2275 atque
3333 2195 3498 2255 etiam
3534 2194 3806 2254 rationem
3837 2195 4095 2252 accurate

1029 2296 1290 2357 historias
1331 2296 1573 2357 medicas
1623 2298 1929 2370 tractandi,
1952 2294 2205 2358 'consilia
2247 2296 2555 2370 scribendi,
2601 2296 2901 2377 praxinque
2937 2296 3006 2356 ad
3040 2296 3391 2377 particularia
3429 2296 3676 2357 subiecta
3715 2292 4092 2371 astringendi:

1031 2400 1180 2461 cet.”
1248 2406 1399 2461 Ans.
1442 2418 1673 2461 urrant
1712 2400 2370 2476 Pmsso·Regiomontani
2411 2400 2742 2460 Medicinam
2779 2400 2892 2458 rice
2927 2399 3170 2459 discendi
3196 2406 3254 2460 et
3285 2399 3564 2459 exercendi
3596 2397 3894 2457 Meranda:
3929 2396 3998 2457 1..
4023 2395 4093 2456 B.

1031 2507 1187 2563 1643
1237 2524 1292 2584 p.
1341 2509 1477 2564 255.
1577 2504 1664 2564 De
1710 2519 1944 2564 nuno
1982 2504 2113 2576 illo,
2172 2502 2303 2563 inde
2342 2502 2416 2562 ab
2457 2522 2605 2562 anno
2652 2505 2804 2562 1648
2851 2520 3022 2580 usque
3061 2502 3132 2563 ad
3178 2506 3368 2574 1655,
3409 2521 3520 2582 quo
3561 2499 3956 2562 mortalitatem
3997 2518 4092 2559 ex·

1023 2606 1225 2687 plevit,
1282 2608 1341 2667 in
1399 2606 1573 2667 Aead.
1628 2607 1699 2667 L.
1736 2607 1807 2669 B.
1868 2606 2022 2667 Med.
2086 2606 2440 2677 Professore,
2483 2606 2558 2666 ct.
2601 2621 2970 2665 suenum
3012 2608 3051 2665 l.
3092 2607 3132 2665 l.
3171 2607 3240 2666 Τ.
3283 2606 3350 2665 ΙΙ
3393 2624 3448 2685 p.
3494 2607 3646 2675 180,
3689 2618 3924 2667 cannot
3965 2602 4009 2663 1.
4048 2602 4092 2661 l.

1024 2710 1095 2770 Τ.
1135 2710 1166 2769 Ῑ
1210 2730 1263 2790 p.
1312 2713 1427 2769 296
1470 2730 1593 2789 sqq.

1103 2811 1183 2892 ²⁸)
1242 2812 1542 2891 Postquam
1582 2811 1795 2872 seilicet
1830 2810 2114 2872 Archiatri
2146 2809 2313 2870 titulo
2353 2809 2524 2870 trium
2567 2808 2824 2890 deinceps
2858 2810 3172 2891 Principum
3195 2808 3717 2878 Arausionensium,
3759 2821 4091 2867 tuomum

1026 2930 1314 2987 nantum,
1372 2931 1689 2975 eumaem
1742 2916 1805 2974 11
1861 2920 1917 2975 et
1966 2916 2093 2985 III,
2154 2912 2526 2973 valetudinem
2575 2918 2884 2985 curaverat,
2942 2932 3090 2972 anno
3135 2915 3292 2975 1674
3337 2912 3546 2972 Consul
3587 2908 3828 2971 civitatis
3865 2908 4088 2969 Traiec-

1024 3017 1176 3077 tinae
1220 3020 1431 3078 creatus
1471 3023 1583 3089 est,
1626 3015 1774 3095 quod
1816 3037 2047 3089 munus,
2091 3022 2153 3076 ut
2198 3023 2410 3088 cetera,
2453 3036 2618 3095 quam
2660 3016 2874 3097 optime
2912 3018 3101 3094 gessit.

1108 3117 1191 3193 ²⁸)
1271 3121 1611 3179 Isanasnus
1672 3137 1751 3178 na
1813 3135 2278 3180 menusanum<
2298 3164 2312 3191 ,
2377 3117 2854 3190 Montfortiensis,
2919 3139 3066 3179 anno
3133 3121 3288 3180 1609
3353 3117 3588 3178 honesto
3635 3133 3842 3195 genere
3879 3118 4078 3186 natus,

1024 3220 1167 3282 obiit
1206 3241 1353 3282 auno
1400 3224 1575 3284 1674.

1102 3320 1183 3402 2')
1244 3323 1335 3383 Cf.
1392 3341 1521 3384 1011.
1576 3341 1793 3385 aeone.
1848 3341 2105 3386 oaasvn
2150 3323 2347 3384 Oratio
2401 3323 2648 3385 funebris
2701 3325 2760 3384 in
2801 3323 3066 3404 ,exequiis
3118 3324 3221 3384 viri
3275 3321 3568 3384 clarissimi
3611 3329 3669 3382 et
3708 3318 4080 3401 expertissimi

1019 3439 1306 3485 xmanm
1364 3441 1885 3487 nunnaenoncxn
1902 3471 1918 3498 ,
1982 3427 2143 3507 Reip.
2205 3425 2605 3487 Ultraiectinas
2664 3426 2890 3487 Poliatri
2909 3471 2926 3498 ,
2987 3447 3056 3488 ac
3109 3426 3170 3486 in
3225 3427 3436 3504 inclyta
3488 3423 3732 3486 eiusdem
3773 3422 4078 3484 Academia

1021 3526 1175 3588 Med.
1214 3528 1397 3587 Pract.
1440 3535 1498 3588 et
1538 3533 1843 3589 Anatomes
1884 3529 2217 3591 Professoris
2262 3529 2568 3590 Ordinarii.
2651 3530 2867 3590 Habita
2906 3551 2958 3590 a.
3000 3529 3056 3590 d.
3101 3547 3236 3590 xvu
3275 3530 3430 3592 Nor.
3469 3548 3522 3589 a.
3553 3543 3954 3588 emmenum.

1100 3628 1181 3706 ²³)
1260 3630 1591 3692 Mammas
1660 3649 2029 3706 wmsnmus,
2104 3633 2556 3703 Leovardiensis,
2631 3633 2690 3692 in
2763 3633 3064 3693 Academia
3126 3633 3549 3712 Franequerana
3607 3629 3740 3691 inde
3795 3631 3868 3690 ab
3925 3649 4074 3689 anno

1020 3735 1174 3793 1616
1228 3753 1399 3814 usque
1458 3734 1527 3795 ad
1577 3739 1731 3794 1629
1788 3735 2131 3808 Medicinae,
2191 3739 2498 3797 Anatomes
2553 3745 2609 3797 et
2669 3737 2966 3798 Botaniees
3007 3736 3293 3797 Professor
3333 3735 3469 3806 tuit,
3529 3740 3588 3795 et
3629 3732 3886 3813 quidem,
3931 3736 4074 3792 teste

1020 3852 1298 3896 mammo
1338 3854 1621 3898 wremea
1640 3884 1655 3910 ,
1696 3838 1844 3898 Iuris
1882 3845 2261 3911 antecessore,
2305 3839 2401 3920 qui
2443 3847 2655 3920 septem
2697 3859 2872 3899 annos
2906 3839 2992 3898 illi
3030 3840 3244 3917 collega
3277 3837 3420 3910 tuit,
3459 3839 3629 3914 longe
3665 3833 4070 3896 celeberrimus.

1022 3937 1123 3997 eff.
1162 3957 1266 3998 nt.
1308 3957 1439 4026 nuc.
1481 3957 1827 4009 varmum,
1873 3945 2081 4002 Athen.
2122 3943 2366 4004 bisiae.
2410 3942 2568 4002 Libri
2605 3941 2748 4014 duo,
2791 3964 2846 4022 p.
2892 3946 3008 4003 163
3047 3962 3204 4022 seqq.

1100 4041 1185 4114 ⁸⁹)
1246 4045 1554 4104 Amemus
1592 4061 1882 4115 Densum,
1927 4065 2073 4104 anno
2124 4049 2279 4104 1612
2324 4045 2579 4106 Meursae
2619 4053 2812 4118 natus,
2853 4045 2913 4104 in
2952 4044 3257 4105 Academia
3297 4041 3806 4120 LugduuwBatava
3831 4037 4070 4120 prImum

1015 4143 1423 4204 mathematicis
1458 4152 1517 4206 et
1554 4146 1983 4226 philosophicis,
2026 4145 2225 4206 deinde
2266 4121 2496 4219 litteris,
2545 4147 2890 4228 potissimum
2928 4146 3318 4215 orientalibus,
3361 4157 3584 4226 operam
3625 4141 3810 4214 dedit,
3853 4157 4070 4202 lanoso

1018 4261 1197 4306 nouo
1250 4265 1377 4305 usus
1430 4247 1713 4325 magistro.
1797 4247 2046 4307 Tandem
2067 4291 2083 4319 ,
2140 4248 2388 4308 Arabum
2447 4248 2665 4330 seriptis
2719 4269 2980 4331 perquam
3035 4249 3367 4320 delectatus,
3424 4245 3494 4308 ad
3541 4243 3722 4306 studia
3759 4243 4070 4304 medicinae

1016 4347 1255 4409 transiit.
1338 4353 1507 4410 Anno
1576 4353 1727 4412 1687
1796 4348 2110 4410 Medicinas
2166 4349 2382 4412 Doctor
2438 4359 2652 4412 creatus
2706 4351 2940 4431 primum
3003 4353 3062 4412 in
3127 4351 3296 4412 natali
3357 4369 3485 4411 cum
3545 4354 3720 4410 artem
3773 4349 4070 4408 salutarem

1014 4449 1323 4522 factitavit,
1380 4456 1501 4510 tum
1556 4452 1725 4512 etiam
1780 4451 2051 4513 mathesin
2106 4450 2312 4512 docuit.
2395 4452 2609 4513 Deinde
2646 4452 2705 4512 in
2749 4453 3056 4531 Gymnasio
3093 4454 3358 4515 Velavico
3396 4459 3456 4513 et
3493 4451 3642 4512 hanc
3685 4455 3741 4511 et
3777 4447 4066 4530 physicam

1014 4553 1255 4614 docendi
1310 4553 1596 4634 provincia
1647 4555 1975 4634 professoria
2024 4555 2297 4632 dignitate
2354 4547 2554 4616 ornato
2605 4573 2928 4616 ntusmelo
2967 4556 3228 4618 mandata
3262 4555 3388 4616 tuit.
3468 4553 3640 4614 Paulo
3681 4558 3807 4633 post
3847 4549 4068 4611 Harde-

1013 4655 1185 4716 rovici
1246 4674 1465 4738 quoque
1479 4699 1496 4728 ,
1556 4655 1652 4716 ubi
1715 4656 1997 4717 Archiatri
2057 4657 2222 4718 titulo
2280 4657 2610 4718 medicinam
2665 4659 2988 4732 exercebat,
3043 4658 3113 4720 ad
3167 4659 3318 4720 hanc
3367 4677 3400 4718 e
3439 4655 3700 4718 cathedra
3739 4651 4068 4714 tradendam

1015 4763 1239 4818 vocatus
1294 4762 1397 4819 est.
1478 4757 1645 4818 Anno
1704 4762 1858 4821 1⁶46
1914 4759 2260 4838 Groningam
2310 4759 2609 4838 migravit,
2667 4759 2761 4820 uhi
2807 4760 3074 4822 medicam
3112 4760 3509 4843 professionem
3551 4759 3610 4819 in
3651 4757 3862 4835 inclyta
3901 4752 4068 4816 huius
