4728 5991
1078 1213 1542 1278 CURATOBES
1577 1213 2042 1276 ACADEMIAE
2073 1213 2861 1280 LUGDUNO·BATAVA1³J
2894 1217 3205 1284 QUIQUE
3238 1215 3435 1280 HUIG
3464 1215 3645 1279 coh·

1160 1317 1408 1380 LEGIO
1449 1317 1554 1378 AB
1597 1319 1823 1380 Ac'ns
1863 1319 1956 1381 Es
1975 1364 1990 1392 ,
2031 1318 2206 1380 VIBI
2245 1317 2826 1384 ILLUS'I'RISSIMI
2866 1319 3456 1384 SPEOTA'I'ISSIMI
3473 1361 3493 1383 .

1074 1441 1540 1505 sommum
1581 1443 1899 1505 Rno'ron
1939 1442 2423 1516 MAGNIFIOE,

1059 1555 1618 1631 'Pnomssonns
1659 1566 2231 1640 CELEBEBRIMI,
2273 1567 2445 1629 vmt
2486 1567 2971 1642 cLAmssmI,

1082 1693 1230 1757 QUI
1283 1695 1378 1755 IN
1433 1693 1596 1754 HAG
1650 1692 1864 1753 URBE
1922 1691 2079 1753 VEL
2132 1693 2307 1754 IUBI
2353 1693 2685 1755 TUENDO
2735 1693 2893 1756 VEL
2932 1693 3290 1756 CIVITA'I'I
3329 1691 3652 1755 ADMINI·

1161 1795 1586 1858 STRANDAE
1626 1796 2050 1858 PRAEES'I'IS
2068 1840 2084 1869 ,
2143 1795 2707 1859 MAGISTRATUS
2747 1795 3208 1859 AMPLIssml
3222 1841 3239 1869 ,
3296 1796 3469 1857 VIBI
3508 1794 3654 1858 Ho-

1157 1897 1684 1961 NORATISSIMI
1704 1945 1720 1972 ,

1083 2022 1546 2088 DIVINOBUM
1601 2021 2158 2086 OBACULORUM
2211 2025 2757 2088 INTERPBE'I'ES
2774 2071 2790 2098 ,
2840 2024 3013 2086 VIRI
3051 2023 3483 2087 PLURIMUM
3524 2023 3653 2087 VE-

1153 2127 1556 2200 NEBANDI,

1069 2252 1386 2314 ARTIUM
1463 2254 1568 2314 ΕΤ
1643 2251 2272 2314 DISCIPLINARUM
2346 2253 2621 2316 QUARU
2630 2253 2823 2316 uvls
2895 2252 3313 2317 DOCTORES
3382 2251 3661 2316 ERUDI-

1159 2354 1458 2418 TISSIMI
1475 2399 1492 2427 ,

1071 2479 1302 2541 CIVES
1337 2478 1817 2552 AcADEMIOI,
1857 2478 2260 2541 BONARUM
2302 2479 2619 2541 AR'HUM
2651 2478 3050 2553 S'I'UDIOSI,
3088 2479 3656 2544 LAUDATISSIMI

1162 2579 1573 2642 ADOLESCE
1580 2583 1784 2644 NTES
1799 2627 1816 2655 ,

1085 2705 1662 2772 cumscumoun
1702 2705 1890 2770 Locr
1929 2708 2033 2769 ΕΤ
2073 2704 2405 2768 onmms
2444 2705 2585 2769 1110
2629 2664 2995 2781 Annsns,

1361 2832 1816 2895 Aunrronns
1858 2829 2441 2895 nuumrsfflm!

701 3218 923 3317 Saepe
971 3216 1419 3317 multumque
1467 3216 1765 3294 iactatur
1809 3218 2090 3319 querela
2109 3276 2130 3308 ,
2195 3240 2336 3294 non
2386 3214 2593 3292 hodie
2644 3220 2923 3291 tantum
2971 3236 3201 3314 neque
3256 3214 3386 3293 hac
3430 3214 3659 3291 solum

603 3344 829 3415 aetate
904 3335 1232 3414 exaudita
1249 3395 1270 3426 ,
1337 3335 1461 3411 sed
1523 3362 1739 3438 prope
1802 3337 2096 3415 dixerim
2158 3362 2247 3413 ex
2307 3361 2450 3437 quo
2497 3358 2723 3411 novae
2772 3340 3020 3435 gentes
3069 3334 3164 3411 ad
3209 3333 3657 3435 antiquarum

602 3457 989 3534 litterarum
1031 3456 1264 3533 studia
1307 3480 1458 3532 sese
1498 3458 1885 3534 retulerunt
1919 3457 2304 3534 identidem
2337 3456 2631 3557 repetita
2650 3514 2671 3545 ,
2723 3454 2989 3556 negligi
3025 3460 3338 3531 veterum
3366 3454 3621 3556 scripta
3635 3513 3658 3547 ,

602 3578 827 3679 pulcri
894 3577 1306 3677 venustique
1350 3578 1667 3678 exempla
1687 3637 1707 3669 ‚
1775 3578 2349 3657 excellentissima
2395 3576 2661 3679 ingenii
2700 3576 2991 3653 humani
3035 3581 3527 3666 monumenta3
3584 3584 3657 3651 et

605 3700 663 3775 si
728 3723 868 3775 non
929 3723 1210 3799 prorsus
1265 3697 1748 3798 relinquantur
1768 3757 1789 3788 ,
1855 3699 1918 3774 si
1969 3725 2011 3776 a
2064 3698 2304 3799 paucis
2344 3696 2622 3773 tractari
2666 3720 2803 3772 non
2858 3695 3222 3785 desinant,
3271 3704 3347 3771 at
3394 3693 3657 3794 despici

604 3844 648 3895 a
691 3818 1011 3919 plurimis
1029 3877 1050 3908 ,
1109 3818 1499 3910 contemni,
1560 3842 1686 3919 pro
1729 3818 1949 3895 nihilo
1999 3818 2256 3895 haberi.
2356 3818 2597 3917 Atque
2651 3824 2733 3892 ut
2782 3815 3007 3891 solent
3050 3813 3366 3891 homines
3412 3838 3657 3890 eorum

603 3938 1048 4039 potissimum
1105 3946 1499 4039 temporum
1566 3964 1716 4013 esse
1781 3938 2174 4015 laudatores
2223 3961 2404 4038 quae
2442 3935 2913 4012 adolescentes
2958 3934 3321 4027 viderunt,
3370 3958 3533 4011 cum
3580 3942 3655 4010 et

603 4069 912 4135 recentes
980 4060 1055 4133 in
1105 4060 1244 4135 vita
1307 4057 1442 4158 ipsi
1500 4058 1764 4158 optima
1826 4082 2146 4159 quaeque
2212 4056 2501 4133 iuvenili
2555 4055 2798 4132 ardore
2852 4055 3493 4158 complectebantur
3508 4114 3531 4148 ,
3580 4062 3654 4131 et

605 4203 834 4254 rerum
899 4178 1403 4278 hominumque
1473 4177 1777 4277 imperiti
1836 4186 2100 4255 ceteros
2159 4202 2248 4253 ex
2295 4200 2423 4253 sua
2469 4183 2719 4252 natura
2766 4202 2847 4253 ac
2893 4177 3247 4255 voluntate
3292 4176 3658 4279 fingebant

605 4306 680 4372 et
739 4297 1242 4387 aestimabant,
1309 4321 1473 4373 cum
1539 4296 1658 4372 illa
1701 4298 1979 4397 querela
2027 4298 2218 4374 haud
2263 4298 2366 4373 ita
2421 4296 2693 4374 dudum
2732 4298 3086 4397 praeteriti
3132 4298 3463 4399 temporis
3505 4296 3653 4373 lau-

609 4413 960 4493 dationem
1025 4417 1460 4519 coniungunt
1523 4424 2045 4519 praesentisque
2107 4415 2438 4519 temporis
2496 4417 3023 4495 incusationem.
3144 4418 3333 4494 Nam
3393 4414 3653 4516 quibus

611 4536 864 4613 studiis
924 4538 1280 4637 quondam
1345 4560 1666 4613 summus
1737 4538 1955 4615 honos
2017 4564 2098 4615 ac
2160 4562 2376 4638 prope
2443 4537 2693 4613 unicus
2747 4536 2961 4613 fuerit
3023 4562 3237 4637 quem
3301 4537 3438 4638 ipsi
3484 4559 3651 4611 cum

613 4654 854 4731 :uultis
912 4656 1240 4759 ingenuis
1312 4654 1867 4735 adolescentibus
1930 4656 2246 4735 certatim
2311 4664 2718 4758 appeterent
2778 4667 2853 4733 et
2908 4682 3162 4758 magna
3214 4654 3654 4734 contentione

615 4776 890 4876 assequi
939 4782 1353 4853 conarentur
1369 4832 1392 4865 ,
1441 4776 1683 4853 eadem
1731 4803 1918 4855 nunc
1956 4778 2177 4855 iacere
2219 4786 2431 4879 atque
2474 4777 2649 4854 adeo
2697 4778 2973 4855 sordere
3018 4801 3160 4853 non
3206 4776 3356 4851 sine
3400 4796 3656 4872 magno
