<?xml version="1.0" encoding="UTF-8"?>
<!DOCTYPE html PUBLIC "-//W3C//DTD XHTML 1.0 Transitional//EN"
    "http://www.w3.org/TR/xhtml1/DTD/xhtml1-transitional.dtd">
<html xmlns="http://www.w3.org/1999/xhtml" xml:lang="en" lang="en">
 <head>
  <title>
</title>
<meta http-equiv="Content-Type" content="text/html;charset=utf-8" />
  <meta name='ocr-system' content='tesseract 3.04.00' />
  <meta name='ocr-capabilities' content='ocr_page ocr_carea ocr_par ocr_line ocrx_word'/>
</head>
<body>
  <div class='ocr_page' id='page_1' title='image "annalesacademic03confgoog_0220.png"; bbox 0 0 4728 5991; ppageno 0'>
   <div class='ocr_carea' id='block_1_1' title="bbox 64 4028 68 4610">
    <p class='ocr_par' dir='ltr' id='par_1_1' title="bbox 64 4028 68 4610">
     <span class='ocr_line' id='line_1_1' title="bbox 64 4028 68 4610; baseline 0 0"><span class='ocrx_word' id='word_1_1' title='bbox 64 4028 68 4610; x_wconf 95' lang='lat' dir='ltr'><strong> </strong></span> 
     </span>
    </p>
   </div>
   <div class='ocr_carea' id='block_1_2' title="bbox 1095 605 3131 676">
    <p class='ocr_par' dir='ltr' id='par_1_2' title="bbox 1095 605 3131 676">
     <span class='ocr_line' id='line_1_2' title="bbox 1095 605 3131 676; baseline -0.001 0"><span class='ocrx_word' id='word_1_2' title='bbox 1095 609 1227 676; x_wconf 75' lang='lat'><strong>210</strong></span> <span class='ocrx_word' id='word_1_3' title='bbox 2098 609 2145 674; x_wconf 92' lang='lat'><strong>1.</strong></span> <span class='ocrx_word' id='word_1_4' title='bbox 2212 609 2260 672; x_wconf 92' lang='lat'><strong>1.</strong></span> <span class='ocrx_word' id='word_1_5' title='bbox 2326 629 2476 671; x_wconf 65' lang='lat' dir='ltr'><strong>van</strong></span> <span class='ocrx_word' id='word_1_6' title='bbox 2537 605 3131 674; x_wconf 82' lang='lat' dir='ltr'><strong>OOSTERZEE</strong></span> 
     </span>
    </p>
   </div>
   <div class='ocr_carea' id='block_1_3' title="bbox 1093 813 4156 4498">
    <p class='ocr_par' dir='ltr' id='par_1_3' title="bbox 1093 813 4156 4498">
     <span class='ocr_line' id='line_1_3' title="bbox 1196 813 4142 914; baseline 0.001 -21"><span class='ocrx_word' id='word_1_7' title='bbox 1196 815 1379 893; x_wconf 89' lang='lat' dir='ltr'><strong>Quis</strong></span> <span class='ocrx_word' id='word_1_8' title='bbox 1400 873 1421 904; x_wconf 91' lang='lat'>‚</span> <span class='ocrx_word' id='word_1_9' title='bbox 1488 821 1571 888; x_wconf 86' lang='lat' dir='ltr'><strong>nt</strong></span> <span class='ocrx_word' id='word_1_10' title='bbox 1628 813 2018 913; x_wconf 87' lang='lat' dir='ltr'><strong>praesentia</strong></span> <span class='ocrx_word' id='word_1_11' title='bbox 2088 813 2476 911; x_wconf 87' lang='lat' dir='ltr'><strong>praeteritis</strong></span> <span class='ocrx_word' id='word_1_12' title='bbox 2547 813 2891 890; x_wconf 87' lang='lat' dir='ltr'><strong>conferam</strong></span> <span class='ocrx_word' id='word_1_13' title='bbox 2915 873 2936 903; x_wconf 89' lang='lat'><strong>,</strong></span> <span class='ocrx_word' id='word_1_14' title='bbox 3007 817 3168 914; x_wconf 87' lang='lat' dir='ltr'><strong>quis</strong></span> <span class='ocrx_word' id='word_1_15' title='bbox 3219 817 3402 892; x_wconf 82' lang='lat' dir='ltr'><strong>inter</strong></span> <span class='ocrx_word' id='word_1_16' title='bbox 3449 819 3750 894; x_wconf 84' lang='lat' dir='ltr'><strong>seniores</strong></span> <span class='ocrx_word' id='word_1_17' title='bbox 3804 843 3945 894; x_wconf 91' lang='lat' dir='ltr'><strong>non</strong></span> <span class='ocrx_word' id='word_1_18' title='bbox 3995 843 4142 894; x_wconf 84' lang='lat' dir='ltr'><strong>sae-</strong></span> 
     </span>
     <span class='ocr_line' id='line_1_4' title="bbox 1096 932 4151 1039; baseline 0.002 -32"><span class='ocrx_word' id='word_1_19' title='bbox 1096 935 1255 1034; x_wconf 91' lang='lat' dir='ltr'><strong>pius</strong></span> <span class='ocrx_word' id='word_1_20' title='bbox 1300 935 1701 1008; x_wconf 85' lang='lat' dir='ltr'><strong>recordatus</strong></span> <span class='ocrx_word' id='word_1_21' title='bbox 1741 942 1849 1008; x_wconf 83' lang='lat' dir='ltr'><strong>est</strong></span> <span class='ocrx_word' id='word_1_22' title='bbox 1896 932 2269 1032; x_wconf 89' lang='lat' dir='ltr'><strong>temporis,</strong></span> <span class='ocrx_word' id='word_1_23' title='bbox 2320 959 2462 1032; x_wconf 90' lang='lat' dir='ltr'><strong>quo</strong></span> <span class='ocrx_word' id='word_1_24' title='bbox 2522 934 2826 1033; x_wconf 89' lang='lat' dir='ltr'><strong>primum</strong></span> <span class='ocrx_word' id='word_1_25' title='bbox 2887 959 3264 1012; x_wconf 69' lang='lat' dir='ltr'><strong>suavssn</strong></span> <span class='ocrx_word' id='word_1_26' title='bbox 3321 963 3576 1014; x_wconf 89' lang='lat' dir='ltr'><strong>nomen</strong></span> <span class='ocrx_word' id='word_1_27' title='bbox 3619 939 3992 1016; x_wconf 83' lang='lat' dir='ltr'><strong>resonabat</strong></span> <span class='ocrx_word' id='word_1_28' title='bbox 4027 963 4151 1039; x_wconf 82' lang='lat' dir='ltr'><strong>per</strong></span> 
     </span>
     <span class='ocr_line' id='line_1_5' title="bbox 1096 1054 4145 1158; baseline 0.001 -30"><span class='ocrx_word' id='word_1_29' title='bbox 1096 1063 1315 1129; x_wconf 88' lang='lat' dir='ltr'><strong>totam</strong></span> <span class='ocrx_word' id='word_1_30' title='bbox 1386 1054 1762 1129; x_wconf 87' lang='lat' dir='ltr'><strong>Ecclesiam</strong></span> <span class='ocrx_word' id='word_1_31' title='bbox 1788 1113 1809 1142; x_wconf 93' lang='lat'><strong>,</strong></span> <span class='ocrx_word' id='word_1_32' title='bbox 1878 1054 2081 1128; x_wconf 83' lang='lat' dir='ltr'><strong>cuius</strong></span> <span class='ocrx_word' id='word_1_33' title='bbox 2154 1055 2446 1153; x_wconf 82' lang='lat' dir='ltr'>imagini</span> <span class='ocrx_word' id='word_1_34' title='bbox 2523 1077 3028 1130; x_wconf 65' lang='lat' dir='ltr'><strong>‘rna-namma</strong></span> <span class='ocrx_word' id='word_1_35' title='bbox 3097 1067 3332 1131; x_wconf 88' lang='lat' dir='ltr'><strong>noster</strong></span> <span class='ocrx_word' id='word_1_36' title='bbox 3393 1081 3670 1134; x_wconf 86' lang='lat' dir='ltr'><strong>carmen</strong></span> <span class='ocrx_word' id='word_1_37' title='bbox 3737 1059 4145 1158; x_wconf 70' lang='lat' dir='ltr'><strong>supposuit,</strong></span> 
     </span>
     <span class='ocr_line' id='line_1_6' title="bbox 1096 1173 4149 1277; baseline 0.001 -29"><span class='ocrx_word' id='word_1_38' title='bbox 1096 1199 1264 1249; x_wconf 88' lang='lat' dir='ltr'><strong>auro</strong></span> <span class='ocrx_word' id='word_1_39' title='bbox 1333 1174 1766 1273; x_wconf 88' lang='lat' dir='ltr'><strong>gemmisque</strong></span> <span class='ocrx_word' id='word_1_40' title='bbox 1837 1173 2254 1272; x_wconf 80' lang='lat' dir='ltr'>pretiosius?</span> <span class='ocrx_word' id='word_1_41' title='bbox 2344 1173 2546 1247; x_wconf 81' lang='lat' dir='ltr'><strong>Tunc</strong></span> <span class='ocrx_word' id='word_1_42' title='bbox 2615 1175 2944 1272; x_wconf 88' lang='lat' dir='ltr'><strong>temporis</strong></span> <span class='ocrx_word' id='word_1_43' title='bbox 3013 1177 3219 1251; x_wconf 88' lang='lat' dir='ltr'><strong>etiam</strong></span> <span class='ocrx_word' id='word_1_44' title='bbox 3279 1176 3465 1252; x_wconf 90' lang='lat' dir='ltr'><strong>haud</strong></span> <span class='ocrx_word' id='word_1_45' title='bbox 3519 1179 3725 1277; x_wconf 85' lang='lat' dir='ltr'><strong>pauci</strong></span> <span class='ocrx_word' id='word_1_46' title='bbox 3780 1177 4149 1253; x_wconf 83' lang='lat' dir='ltr'><strong>exstabant</strong></span> 
     </span>
     <span class='ocr_line' id='line_1_7' title="bbox 1096 1291 4148 1392; baseline 0.001 -25"><span class='ocrx_word' id='word_1_47' title='bbox 1096 1293 1470 1392; x_wconf 77' lang='lat' dir='ltr'><strong>Theologi,</strong></span> <span class='ocrx_word' id='word_1_48' title='bbox 1541 1321 1585 1368; x_wconf 91' lang='lat' dir='ltr'><strong>a</strong></span> <span class='ocrx_word' id='word_1_49' title='bbox 1648 1293 1999 1367; x_wconf 69' lang='lat' dir='ltr'><strong>liberrima</strong></span> <span class='ocrx_word' id='word_1_50' title='bbox 2065 1292 2421 1391; x_wconf 88' lang='lat' dir='ltr'><strong>cogitandi</strong></span> <span class='ocrx_word' id='word_1_51' title='bbox 2483 1291 2748 1367; x_wconf 90' lang='lat' dir='ltr'><strong>ratione</strong></span> <span class='ocrx_word' id='word_1_52' title='bbox 2813 1294 3093 1369; x_wconf 89' lang='lat' dir='ltr'><strong>laudem</strong></span> <span class='ocrx_word' id='word_1_53' title='bbox 3153 1303 3534 1384; x_wconf 59' lang='lat' dir='ltr'><strong>sectantem</strong></span> <span class='ocrx_word' id='word_1_54' title='bbox 3604 1297 3849 1371; x_wconf 84' lang='lat' dir='ltr'><strong>nullus</strong></span> <span class='ocrx_word' id='word_1_55' title='bbox 3911 1305 4148 1371; x_wconf 86' lang='lat' dir='ltr'><strong>autem</strong></span> 
     </span>
     <span class='ocr_line' id='line_1_8' title="bbox 1096 1412 4150 1514; baseline 0.001 -27"><span class='ocrx_word' id='word_1_56' title='bbox 1096 1438 1336 1487; x_wconf 90' lang='lat' dir='ltr'><strong>eorum</strong></span> <span class='ocrx_word' id='word_1_57' title='bbox 1387 1413 1647 1487; x_wconf 90' lang='lat' dir='ltr'><strong>dubius</strong></span> <span class='ocrx_word' id='word_1_58' title='bbox 1690 1413 2063 1499; x_wconf 89' lang='lat' dir='ltr'><strong>haerebat,</strong></span> <span class='ocrx_word' id='word_1_59' title='bbox 2110 1412 2278 1511; x_wconf 89' lang='lat' dir='ltr'><strong>quin</strong></span> <span class='ocrx_word' id='word_1_60' title='bbox 2330 1412 2688 1510; x_wconf 82' lang='lat' dir='ltr'><strong>Mythicae</strong></span> <span class='ocrx_word' id='word_1_61' title='bbox 2721 1413 3306 1513; x_wconf 78' lang='lat' dir='ltr'><strong>interpretationis</strong></span> <span class='ocrx_word' id='word_1_62' title='bbox 3341 1425 3926 1514; x_wconf 73' lang='lat' dir='ltr'><strong>propugnatorem</strong></span> <span class='ocrx_word' id='word_1_63' title='bbox 3969 1415 4150 1490; x_wconf 87' lang='lat' dir='ltr'><strong>inter</strong></span> 
     </span>
     <span class='ocr_line' id='line_1_9' title="bbox 1093 1531 4148 1629; baseline 0.001 -22"><span class='ocrx_word' id='word_1_64' title='bbox 1093 1531 1569 1607; x_wconf 85' lang='lat' dir='ltr'><strong>acerbissimos</strong></span> <span class='ocrx_word' id='word_1_65' title='bbox 1634 1531 1917 1606; x_wconf 81' lang='lat' dir='ltr'><strong>referret</strong></span> <span class='ocrx_word' id='word_1_66' title='bbox 1984 1531 2245 1605; x_wconf 83' lang='lat' dir='ltr'><strong>Christi</strong></span> <span class='ocrx_word' id='word_1_67' title='bbox 2316 1541 2527 1629; x_wconf 86' lang='lat' dir='ltr'><strong>atque</strong></span> <span class='ocrx_word' id='word_1_68' title='bbox 2583 1531 2926 1606; x_wconf 76' lang='lat' dir='ltr'><strong>Ecclesiae</strong></span> <span class='ocrx_word' id='word_1_69' title='bbox 2984 1532 3236 1608; x_wconf 90' lang='lat' dir='ltr'><strong>hostes.</strong></span> <span class='ocrx_word' id='word_1_70' title='bbox 3339 1537 3405 1608; x_wconf 91' lang='lat' dir='ltr'>N</span> <span class='ocrx_word' id='word_1_71' title='bbox 3415 1560 3548 1609; x_wconf 92' lang='lat' dir='ltr'><strong>unc</strong></span> <span class='ocrx_word' id='word_1_72' title='bbox 3593 1559 3752 1610; x_wconf 81' lang='lat' dir='ltr'><strong>vero</strong></span> <span class='ocrx_word' id='word_1_73' title='bbox 3772 1593 3790 1624; x_wconf 90' lang='lat'><strong>,</strong></span> <span class='ocrx_word' id='word_1_74' title='bbox 3842 1536 3956 1610; x_wconf 77' lang='lat' dir='ltr'><strong>vix</strong></span> <span class='ocrx_word' id='word_1_75' title='bbox 4007 1536 4148 1610; x_wconf 89' lang='lat' dir='ltr'><strong>ullo</strong></span> 
     </span>
     <span class='ocr_line' id='line_1_10' title="bbox 1095 1649 4142 1751; baseline 0.001 -27"><span class='ocrx_word' id='word_1_76' title='bbox 1095 1651 1483 1751; x_wconf 78' lang='lat' dir='ltr'><strong>refragante</strong></span> <span class='ocrx_word' id='word_1_77' title='bbox 1506 1709 1527 1738; x_wconf 93' lang='lat'><strong>,</strong></span> <span class='ocrx_word' id='word_1_78' title='bbox 1576 1650 2004 1748; x_wconf 84' lang='lat' dir='ltr'><strong>Theologum</strong></span> <span class='ocrx_word' id='word_1_79' title='bbox 2059 1649 2553 1748; x_wconf 89' lang='lat' dir='ltr'><strong>Evangelicum</strong></span> <span class='ocrx_word' id='word_1_80' title='bbox 2607 1653 2664 1740; x_wconf 91' lang='lat'><strong>¹)</strong></span> <span class='ocrx_word' id='word_1_81' title='bbox 2731 1673 3116 1725; x_wconf 87' lang='lat' dir='ltr'><strong>asseverare</strong></span> <span class='ocrx_word' id='word_1_82' title='bbox 3161 1650 3532 1740; x_wconf 78' lang='lat' dir='ltr'><strong>audimus,</strong></span> <span class='ocrx_word' id='word_1_83' title='bbox 3583 1675 3982 1728; x_wconf 75' lang='lat' dir='ltr'><strong>sraaussio</strong></span> <span class='ocrx_word' id='word_1_84' title='bbox 4007 1711 4028 1742; x_wconf 94' lang='lat'><strong>,</strong></span> <span class='ocrx_word' id='word_1_85' title='bbox 4083 1654 4142 1728; x_wconf 90' lang='lat' dir='ltr'><strong>si</strong></span> 
     </span>
     <span class='ocr_line' id='line_1_11' title="bbox 1098 1770 4146 1869; baseline 0 -23"><span class='ocrx_word' id='word_1_86' title='bbox 1098 1773 1311 1846; x_wconf 88' lang='lat' dir='ltr'><strong>semel</strong></span> <span class='ocrx_word' id='word_1_87' title='bbox 1380 1771 1653 1845; x_wconf 89' lang='lat' dir='ltr'><strong>visitare</strong></span> <span class='ocrx_word' id='word_1_88' title='bbox 1722 1770 1925 1844; x_wconf 90' lang='lat' dir='ltr'><strong>vellet</strong></span> <span class='ocrx_word' id='word_1_89' title='bbox 1990 1770 2283 1867; x_wconf 86' lang='lat' dir='ltr'><strong>patriam</strong></span> <span class='ocrx_word' id='word_1_90' title='bbox 2346 1780 2652 1843; x_wconf 88' lang='lat' dir='ltr'><strong>nostram</strong></span> <span class='ocrx_word' id='word_1_91' title='bbox 2681 1829 2698 1857; x_wconf 90' lang='lat'>‚</span> <span class='ocrx_word' id='word_1_92' title='bbox 2769 1771 2945 1843; x_wconf 84' lang='lat' dir='ltr'><strong>forte</strong></span> <span class='ocrx_word' id='word_1_93' title='bbox 2993 1771 3156 1869; x_wconf 90' lang='lat' dir='ltr'><strong>plus</strong></span> <span class='ocrx_word' id='word_1_94' title='bbox 3207 1771 3562 1846; x_wconf 80' lang='lat' dir='ltr'><strong>molestiae</strong></span> <span class='ocrx_word' id='word_1_95' title='bbox 3601 1771 3946 1846; x_wconf 87' lang='lat' dir='ltr'><strong>oriturum</strong></span> <span class='ocrx_word' id='word_1_96' title='bbox 3995 1797 4146 1847; x_wconf 87' lang='lat' dir='ltr'><strong>esse</strong></span> 
     </span>
     <span class='ocr_line' id='line_1_12' title="bbox 1098 1889 4140 1990; baseline 0.001 -24"><span class='ocrx_word' id='word_1_97' title='bbox 1098 1917 1186 1966; x_wconf 83' lang='lat' dir='ltr'><strong>ex</strong></span> <span class='ocrx_word' id='word_1_98' title='bbox 1256 1891 1631 1965; x_wconf 88' lang='lat' dir='ltr'><strong>amicorum</strong></span> <span class='ocrx_word' id='word_1_99' title='bbox 1656 1947 1675 1977; x_wconf 94' lang='lat'><strong>,</strong></span> <span class='ocrx_word' id='word_1_100' title='bbox 1744 1914 1955 1988; x_wconf 90' lang='lat' dir='ltr'><strong>quam</strong></span> <span class='ocrx_word' id='word_1_101' title='bbox 2028 1913 2111 1962; x_wconf 82' lang='lat' dir='ltr'><strong>ex</strong></span> <span class='ocrx_word' id='word_1_102' title='bbox 2193 1889 2628 1962; x_wconf 86' lang='lat' dir='ltr'><strong>inimicorum</strong></span> <span class='ocrx_word' id='word_1_103' title='bbox 2705 1889 2815 1962; x_wconf 80' lang='lat' dir='ltr'><strong>vix</strong></span> <span class='ocrx_word' id='word_1_104' title='bbox 2894 1890 3324 1965; x_wconf 90' lang='lat' dir='ltr'><strong>numerando</strong></span> <span class='ocrx_word' id='word_1_105' title='bbox 3390 1915 3788 1990; x_wconf 87' lang='lat' dir='ltr'><strong>congressu.</strong></span> <span class='ocrx_word' id='word_1_106' title='bbox 3909 1891 4140 1968; x_wconf 76' lang='lat' dir='ltr'><strong>Etiam</strong></span> 
     </span>
     <span class='ocr_line' id='line_1_13' title="bbox 1102 2008 4142 2110; baseline 0.001 -26"><span class='ocrx_word' id='word_1_107' title='bbox 1102 2020 1307 2084; x_wconf 87' lang='lat' dir='ltr'><strong>antea</strong></span> <span class='ocrx_word' id='word_1_108' title='bbox 1371 2010 1701 2096; x_wconf 89' lang='lat' dir='ltr'><strong>fuerunt,</strong></span> <span class='ocrx_word' id='word_1_109' title='bbox 1772 2033 1907 2082; x_wconf 90' lang='lat' dir='ltr'><strong>non</strong></span> <span class='ocrx_word' id='word_1_110' title='bbox 1978 2009 2252 2096; x_wconf 90' lang='lat' dir='ltr'><strong>nescio,</strong></span> <span class='ocrx_word' id='word_1_111' title='bbox 2325 2008 2450 2107; x_wconf 88' lang='lat' dir='ltr'><strong>qui</strong></span> <span class='ocrx_word' id='word_1_112' title='bbox 2521 2008 2594 2082; x_wconf 90' lang='lat' dir='ltr'><strong>in</strong></span> <span class='ocrx_word' id='word_1_113' title='bbox 2667 2009 3190 2108; x_wconf 77' lang='lat' dir='ltr'><strong>quaestionibus</strong></span> <span class='ocrx_word' id='word_1_114' title='bbox 3237 2010 3640 2109; x_wconf 77' lang='lat' dir='ltr'><strong>theologicis</strong></span> <span class='ocrx_word' id='word_1_115' title='bbox 3687 2020 3764 2083; x_wconf 89' lang='lat' dir='ltr'><strong>et</strong></span> <span class='ocrx_word' id='word_1_116' title='bbox 3805 2011 4142 2110; x_wconf 83' lang='lat' dir='ltr'><strong>religiosis</strong></span> 
     </span>
     <span class='ocr_line' id='line_1_14' title="bbox 1103 2127 4142 2230; baseline -0 -25"><span class='ocrx_word' id='word_1_117' title='bbox 1103 2129 1304 2205; x_wconf 89' lang='lat' dir='ltr'><strong>dubii</strong></span> <span class='ocrx_word' id='word_1_118' title='bbox 1366 2137 1578 2227; x_wconf 89' lang='lat' dir='ltr'><strong>atque</strong></span> <span class='ocrx_word' id='word_1_119' title='bbox 1638 2127 1883 2202; x_wconf 78' lang='lat' dir='ltr'><strong>incerti</strong></span> <span class='ocrx_word' id='word_1_120' title='bbox 1953 2127 2350 2214; x_wconf 83' lang='lat' dir='ltr'><strong>haererent3</strong></span> <span class='ocrx_word' id='word_1_121' title='bbox 2425 2137 2592 2202; x_wconf 86' lang='lat' dir='ltr'><strong>tunc</strong></span> <span class='ocrx_word' id='word_1_122' title='bbox 2658 2129 2988 2226; x_wconf 89' lang='lat' dir='ltr'><strong>temporis</strong></span> <span class='ocrx_word' id='word_1_123' title='bbox 3056 2137 3292 2202; x_wconf 89' lang='lat' dir='ltr'><strong>autem</strong></span> <span class='ocrx_word' id='word_1_124' title='bbox 3361 2130 3642 2228; x_wconf 84' lang='lat' dir='ltr'><strong>sceptici</strong></span> <span class='ocrx_word' id='word_1_125' title='bbox 3707 2131 3920 2230; x_wconf 81' lang='lat' dir='ltr'><strong>vulgo</strong></span> <span class='ocrx_word' id='word_1_126' title='bbox 3965 2129 4142 2205; x_wconf 81' lang='lat' dir='ltr'><strong>vitae</strong></span> 
     </span>
     <span class='ocr_line' id='line_1_15' title="bbox 1101 2246 4142 2348; baseline 0 -26"><span class='ocrx_word' id='word_1_127' title='bbox 1101 2248 1625 2323; x_wconf 89' lang='lat' dir='ltr'><strong>tabernaculum</strong></span> <span class='ocrx_word' id='word_1_128' title='bbox 1676 2248 2003 2322; x_wconf 86' lang='lat' dir='ltr'><strong>collocare</strong></span> <span class='ocrx_word' id='word_1_129' title='bbox 2054 2246 2370 2320; x_wconf 89' lang='lat' dir='ltr'><strong>solebant</strong></span> <span class='ocrx_word' id='word_1_130' title='bbox 2421 2256 2616 2320; x_wconf 87' lang='lat' dir='ltr'><strong>extra</strong></span> <span class='ocrx_word' id='word_1_131' title='bbox 2671 2247 3048 2321; x_wconf 87' lang='lat' dir='ltr'><strong>Ecclesiam</strong></span> <span class='ocrx_word' id='word_1_132' title='bbox 3096 2247 3316 2346; x_wconf 84' lang='lat' dir='ltr'><strong>ipsam</strong></span> <span class='ocrx_word' id='word_1_133' title='bbox 3341 2306 3362 2336; x_wconf 93' lang='lat'><strong>,</strong></span> <span class='ocrx_word' id='word_1_134' title='bbox 3413 2260 3484 2322; x_wconf 90' lang='lat' dir='ltr'><strong>et</strong></span> <span class='ocrx_word' id='word_1_135' title='bbox 3533 2273 3714 2348; x_wconf 84' lang='lat' dir='ltr'><strong>quae</strong></span> <span class='ocrx_word' id='word_1_136' title='bbox 3755 2274 3800 2323; x_wconf 89' lang='lat' dir='ltr'><strong>a</strong></span> <span class='ocrx_word' id='word_1_137' title='bbox 3839 2250 4142 2323; x_wconf 83' lang='lat' dir='ltr'><strong>Natura-</strong></span> 
     </span>
     <span class='ocr_line' id='line_1_16' title="bbox 1099 2366 4144 2468; baseline 0 -26"><span class='ocrx_word' id='word_1_138' title='bbox 1099 2369 1275 2443; x_wconf 85' lang='lat' dir='ltr'><strong>listis</strong></span> <span class='ocrx_word' id='word_1_139' title='bbox 1342 2367 1779 2443; x_wconf 87' lang='lat' dir='ltr'><strong>reiiciebatur</strong></span> <span class='ocrx_word' id='word_1_140' title='bbox 1844 2368 2095 2442; x_wconf 86' lang='lat' dir='ltr'><strong>veritas</strong></span> <span class='ocrx_word' id='word_1_141' title='bbox 2166 2367 2438 2441; x_wconf 87' lang='lat' dir='ltr'><strong>Biblica</strong></span> <span class='ocrx_word' id='word_1_142' title='bbox 2462 2426 2482 2455; x_wconf 90' lang='lat'><strong>,</strong></span> <span class='ocrx_word' id='word_1_143' title='bbox 2557 2393 2600 2442; x_wconf 89' lang='lat' dir='ltr'><strong>a</strong></span> <span class='ocrx_word' id='word_1_144' title='bbox 2661 2366 3032 2466; x_wconf 81' lang='lat' dir='ltr'><strong>Theologis</strong></span> <span class='ocrx_word' id='word_1_145' title='bbox 3100 2366 3379 2441; x_wconf 90' lang='lat' dir='ltr'><strong>defendi</strong></span> <span class='ocrx_word' id='word_1_146' title='bbox 3437 2367 3700 2442; x_wconf 75' lang='lat' dir='ltr'><strong>solebat</strong></span> <span class='ocrx_word' id='word_1_147' title='bbox 3721 2427 3742 2456; x_wconf 90' lang='lat'><strong>,</strong></span> <span class='ocrx_word' id='word_1_148' title='bbox 3811 2378 4144 2468; x_wconf 81' lang='lat' dir='ltr'><strong>tanquam</strong></span> 
     </span>
     <span class='ocr_line' id='line_1_17' title="bbox 1099 2486 4144 2587; baseline -0 -24"><span class='ocrx_word' id='word_1_149' title='bbox 1099 2497 1605 2563; x_wconf 85' lang='lat' dir='ltr'><strong>sacrosanctum</strong></span> <span class='ocrx_word' id='word_1_150' title='bbox 1656 2487 1821 2561; x_wconf 87' lang='lat' dir='ltr'><strong>fidei</strong></span> <span class='ocrx_word' id='word_1_151' title='bbox 1876 2486 2199 2562; x_wconf 86' lang='lat' dir='ltr'><strong>salutaris</strong></span> <span class='ocrx_word' id='word_1_152' title='bbox 2258 2487 2534 2586; x_wconf 88' lang='lat' dir='ltr'><strong>pignus.</strong></span> <span class='ocrx_word' id='word_1_153' title='bbox 2642 2488 2854 2561; x_wconf 92' lang='lat' dir='ltr'><strong>Nunc</strong></span> <span class='ocrx_word' id='word_1_154' title='bbox 2909 2511 3066 2560; x_wconf 91' lang='lat' dir='ltr'><strong>vero</strong></span> <span class='ocrx_word' id='word_1_155' title='bbox 3113 2486 3304 2559; x_wconf 85' lang='lat' dir='ltr'><strong>haud</strong></span> <span class='ocrx_word' id='word_1_156' title='bbox 3349 2511 3504 2560; x_wconf 88' lang='lat' dir='ltr'><strong>raro</strong></span> <span class='ocrx_word' id='word_1_157' title='bbox 3549 2487 3904 2587; x_wconf 84' lang='lat' dir='ltr'><strong>theologos</strong></span> <span class='ocrx_word' id='word_1_158' title='bbox 3949 2487 4144 2562; x_wconf 86' lang='lat' dir='ltr'><strong>inve·</strong></span> 
     </span>
     <span class='ocr_line' id='line_1_18' title="bbox 1098 2605 4145 2709; baseline -0 -27"><span class='ocrx_word' id='word_1_159' title='bbox 1098 2609 1333 2683; x_wconf 87' lang='lat' dir='ltr'><strong>nimus</strong></span> <span class='ocrx_word' id='word_1_160' title='bbox 1352 2667 1373 2698; x_wconf 93' lang='lat'><strong>,</strong></span> <span class='ocrx_word' id='word_1_161' title='bbox 1442 2609 1767 2709; x_wconf 86' lang='lat' dir='ltr'><strong>negando</strong></span> <span class='ocrx_word' id='word_1_162' title='bbox 1824 2605 2029 2707; x_wconf 90' lang='lat' dir='ltr'><strong>longe</strong></span> <span class='ocrx_word' id='word_1_163' title='bbox 2090 2607 2386 2681; x_wconf 87' lang='lat' dir='ltr'><strong>ulterius</strong></span> <span class='ocrx_word' id='word_1_164' title='bbox 2429 2607 2920 2706; x_wconf 87' lang='lat' dir='ltr'><strong>procedentes,</strong></span> <span class='ocrx_word' id='word_1_165' title='bbox 2971 2631 3183 2706; x_wconf 87' lang='lat' dir='ltr'><strong>quam</strong></span> <span class='ocrx_word' id='word_1_166' title='bbox 3243 2613 3532 2681; x_wconf 85' lang='lat' dir='ltr'><strong>naturae</strong></span> <span class='ocrx_word' id='word_1_167' title='bbox 3579 2607 4104 2707; x_wconf 63' lang='lat' dir='ltr'><strong>investigatores</strong></span> <span class='ocrx_word' id='word_1_168' title='bbox 4125 2665 4145 2696; x_wconf 90' lang='lat'><strong>,</strong></span> 
     </span>
     <span class='ocr_line' id='line_1_19' title="bbox 1094 2726 4148 2826; baseline -0.001 -22"><span class='ocrx_word' id='word_1_169' title='bbox 1094 2729 1237 2804; x_wconf 91' lang='lat' dir='ltr'><strong>imo</strong></span> <span class='ocrx_word' id='word_1_170' title='bbox 1296 2727 1597 2806; x_wconf 88' lang='lat' dir='ltr'><strong>subinde</strong></span> <span class='ocrx_word' id='word_1_171' title='bbox 1658 2728 2005 2802; x_wconf 75' lang='lat' dir='ltr'><strong>Ecclesiae</strong></span> <span class='ocrx_word' id='word_1_172' title='bbox 2072 2727 2293 2801; x_wconf 85' lang='lat' dir='ltr'><strong>socios</strong></span> <span class='ocrx_word' id='word_1_173' title='bbox 2352 2727 2680 2802; x_wconf 90' lang='lat' dir='ltr'><strong>audimus</strong></span> <span class='ocrx_word' id='word_1_174' title='bbox 2699 2785 2720 2816; x_wconf 94' lang='lat'><strong>,</strong></span> <span class='ocrx_word' id='word_1_175' title='bbox 2771 2726 3254 2826; x_wconf 86' lang='lat' dir='ltr'><strong>Evangelicam</strong></span> <span class='ocrx_word' id='word_1_176' title='bbox 3312 2726 3752 2801; x_wconf 82' lang='lat' dir='ltr'><strong>traditionem</strong></span> <span class='ocrx_word' id='word_1_177' title='bbox 3799 2726 4148 2802; x_wconf 83' lang='lat' dir='ltr'><strong>indefesso</strong></span> 
     </span>
     <span class='ocr_line' id='line_1_20' title="bbox 1096 2844 4146 2946; baseline -0 -23"><span class='ocrx_word' id='word_1_178' title='bbox 1096 2849 1335 2924; x_wconf 87' lang='lat' dir='ltr'><strong>ardore</strong></span> <span class='ocrx_word' id='word_1_179' title='bbox 1378 2847 1830 2921; x_wconf 79' lang='lat' dir='ltr'><strong>defendentes</strong></span> <span class='ocrx_word' id='word_1_180' title='bbox 1876 2854 2114 2921; x_wconf 90' lang='lat' dir='ltr'><strong>contra</strong></span> <span class='ocrx_word' id='word_1_181' title='bbox 2160 2844 2376 2919; x_wconf 90' lang='lat' dir='ltr'><strong>Verbi</strong></span> <span class='ocrx_word' id='word_1_182' title='bbox 2422 2846 2661 2920; x_wconf 87' lang='lat' dir='ltr'><strong>Divini</strong></span> <span class='ocrx_word' id='word_1_183' title='bbox 2707 2846 3094 2936; x_wconf 85' lang='lat' dir='ltr'><strong>ministros,</strong></span> <span class='ocrx_word' id='word_1_184' title='bbox 3136 2845 3412 2944; x_wconf 90' lang='lat' dir='ltr'><strong>publice</strong></span> <span class='ocrx_word' id='word_1_185' title='bbox 3451 2845 3742 2922; x_wconf 85' lang='lat' dir='ltr'><strong>eandem</strong></span> <span class='ocrx_word' id='word_1_186' title='bbox 3787 2855 4146 2946; x_wconf 72' lang='lat' dir='ltr'><strong>negantes.</strong></span> 
     </span>
     <span class='ocr_line' id='line_1_21' title="bbox 1094 2965 4148 3067; baseline 0 -24"><span class='ocrx_word' id='word_1_187' title='bbox 1094 2969 1292 3043; x_wconf 91' lang='lat' dir='ltr'><strong>Num</strong></span> <span class='ocrx_word' id='word_1_188' title='bbox 1344 2966 1563 3066; x_wconf 86' lang='lat' dir='ltr'><strong>igitur</strong></span> <span class='ocrx_word' id='word_1_189' title='bbox 1604 2965 1741 3040; x_wconf 89' lang='lat' dir='ltr'><strong>iam</strong></span> <span class='ocrx_word' id='word_1_190' title='bbox 1789 2989 2241 3065; x_wconf 89' lang='lat' dir='ltr'><strong>properamus</strong></span> <span class='ocrx_word' id='word_1_191' title='bbox 2292 2965 2386 3039; x_wconf 89' lang='lat' dir='ltr'><strong>ad</strong></span> <span class='ocrx_word' id='word_1_192' title='bbox 2433 2973 2744 3067; x_wconf 86' lang='lat' dir='ltr'><strong>tempora</strong></span> <span class='ocrx_word' id='word_1_193' title='bbox 2788 2965 2949 3055; x_wconf 87' lang='lat' dir='ltr'><strong>illa,</strong></span> <span class='ocrx_word' id='word_1_194' title='bbox 2999 2966 3088 3041; x_wconf 87' lang='lat' dir='ltr'><strong>de</strong></span> <span class='ocrx_word' id='word_1_195' title='bbox 3133 2965 3395 3066; x_wconf 86' lang='lat' dir='ltr'><strong>quibus</strong></span> <span class='ocrx_word' id='word_1_196' title='bbox 3439 2966 3623 3041; x_wconf 85' lang='lat' dir='ltr'><strong>idem</strong></span> <span class='ocrx_word' id='word_1_197' title='bbox 3677 2967 3792 3043; x_wconf 91' lang='lat' dir='ltr'><strong>ille</strong></span> <span class='ocrx_word' id='word_1_198' title='bbox 3841 2989 4148 3043; x_wconf 73' lang='lat' dir='ltr'><strong>srnAns-</strong></span> 
     </span>
     <span class='ocr_line' id='line_1_22' title="bbox 1100 3085 4148 3186; baseline -0 -25"><span class='ocrx_word' id='word_1_199' title='bbox 1100 3111 1260 3162; x_wconf 83' lang='lat' dir='ltr'><strong>srns</strong></span> <span class='ocrx_word' id='word_1_200' title='bbox 1332 3086 1745 3160; x_wconf 83' lang='lat' dir='ltr'><strong>vaticinatus</strong></span> <span class='ocrx_word' id='word_1_201' title='bbox 1812 3094 1919 3159; x_wconf 90' lang='lat' dir='ltr'><strong>est</strong></span> <span class='ocrx_word' id='word_1_202' title='bbox 1985 3090 2149 3160; x_wconf 89' lang='lat' dir='ltr'><strong>ante</strong></span> <span class='ocrx_word' id='word_1_203' title='bbox 2228 3085 2494 3183; x_wconf 79' lang='lat' dir='ltr'><strong>aliquot</strong></span> <span class='ocrx_word' id='word_1_204' title='bbox 2567 3110 2784 3161; x_wconf 88' lang='lat' dir='ltr'><strong>annos</strong></span> <span class='ocrx_word' id='word_1_205' title='bbox 2807 3145 2827 3174; x_wconf 90' lang='lat'><strong>,</strong></span> <span class='ocrx_word' id='word_1_206' title='bbox 2902 3096 3218 3184; x_wconf 85' lang='lat' dir='ltr'><strong>tempora</strong></span> <span class='ocrx_word' id='word_1_207' title='bbox 3265 3086 3561 3175; x_wconf 88' lang='lat' dir='ltr'><strong>scilieet,</strong></span> <span class='ocrx_word' id='word_1_208' title='bbox 3613 3087 3874 3186; x_wconf 84' lang='lat' dir='ltr'><strong>quibus</strong></span> <span class='ocrx_word' id='word_1_209' title='bbox 3917 3110 4058 3162; x_wconf 88' lang='lat' dir='ltr'><strong>non</strong></span> <span class='ocrx_word' id='word_1_210' title='bbox 4109 3110 4148 3160; x_wconf 93' lang='lat' dir='ltr'><strong>e</strong></span> 
     </span>
     <span class='ocr_line' id='line_1_23' title="bbox 1100 3203 4150 3304; baseline 0 -25"><span class='ocrx_word' id='word_1_211' title='bbox 1100 3203 1351 3279; x_wconf 90' lang='lat' dir='ltr'><strong>scholis</strong></span> <span class='ocrx_word' id='word_1_212' title='bbox 1422 3204 1928 3304; x_wconf 81' lang='lat' dir='ltr'><strong>Theologorum</strong></span> <span class='ocrx_word' id='word_1_213' title='bbox 1954 3262 1975 3294; x_wconf 93' lang='lat'><strong>,</strong></span> <span class='ocrx_word' id='word_1_214' title='bbox 2048 3228 2285 3279; x_wconf 85' lang='lat' dir='ltr'><strong>verum</strong></span> <span class='ocrx_word' id='word_1_215' title='bbox 2360 3230 2400 3279; x_wconf 93' lang='lat' dir='ltr'><strong>e</strong></span> <span class='ocrx_word' id='word_1_216' title='bbox 2487 3214 2802 3279; x_wconf 86' lang='lat' dir='ltr'><strong>sutorum</strong></span> <span class='ocrx_word' id='word_1_217' title='bbox 2887 3214 3366 3304; x_wconf 87' lang='lat' dir='ltr'><strong>sartorumque</strong></span> <span class='ocrx_word' id='word_1_218' title='bbox 3433 3206 3724 3281; x_wconf 88' lang='lat' dir='ltr'><strong>officinis</strong></span> <span class='ocrx_word' id='word_1_219' title='bbox 3805 3206 4150 3281; x_wconf 70' lang='lat' dir='ltr'><strong>Ecclesiae</strong></span> 
     </span>
     <span class='ocr_line' id='line_1_24' title="bbox 1100 3321 4146 3423; baseline -0.001 -24"><span class='ocrx_word' id='word_1_220' title='bbox 1100 3323 1451 3399; x_wconf 82' lang='lat' dir='ltr'><strong>antistites</strong></span> <span class='ocrx_word' id='word_1_221' title='bbox 1492 3325 1891 3423; x_wconf 85' lang='lat' dir='ltr'><strong>proventuri</strong></span> <span class='ocrx_word' id='word_1_222' title='bbox 1939 3324 2081 3399; x_wconf 88' lang='lat' dir='ltr'><strong>sint</strong></span> <span class='ocrx_word' id='word_1_223' title='bbox 2134 3321 2436 3422; x_wconf 80' lang='lat' dir='ltr'><strong>optimi?</strong></span> <span class='ocrx_word' id='word_1_224' title='bbox 2509 3322 2850 3422; x_wconf 82' lang='lat' dir='ltr'><strong>Exempla</strong></span> <span class='ocrx_word' id='word_1_225' title='bbox 2901 3324 3146 3397; x_wconf 85' lang='lat' dir='ltr'><strong>saltem</strong></span> <span class='ocrx_word' id='word_1_226' title='bbox 3193 3346 3334 3397; x_wconf 86' lang='lat' dir='ltr'><strong>non</strong></span> <span class='ocrx_word' id='word_1_227' title='bbox 3383 3323 3681 3412; x_wconf 85' lang='lat' dir='ltr'><strong>desunt,</strong></span> <span class='ocrx_word' id='word_1_228' title='bbox 3731 3324 3923 3422; x_wconf 90' lang='lat' dir='ltr'><strong>quod</strong></span> <span class='ocrx_word' id='word_1_229' title='bbox 3963 3323 4102 3397; x_wconf 90' lang='lat' dir='ltr'><strong>iam</strong></span> <span class='ocrx_word' id='word_1_230' title='bbox 4126 3380 4146 3411; x_wconf 90' lang='lat'><strong>,</strong></span> 
     </span>
     <span class='ocr_line' id='line_1_25' title="bbox 1102 3441 4146 3542; baseline -0.001 -24"><span class='ocrx_word' id='word_1_231' title='bbox 1102 3468 1189 3518; x_wconf 86' lang='lat' dir='ltr'><strong>ex</strong></span> <span class='ocrx_word' id='word_1_232' title='bbox 1240 3443 1550 3519; x_wconf 89' lang='lat' dir='ltr'><strong>eiusdem</strong></span> <span class='ocrx_word' id='word_1_233' title='bbox 1601 3444 1775 3519; x_wconf 83' lang='lat' dir='ltr'><strong>vatis</strong></span> <span class='ocrx_word' id='word_1_234' title='bbox 1826 3443 2031 3518; x_wconf 88' lang='lat' dir='ltr'><strong>effato</strong></span> <span class='ocrx_word' id='word_1_235' title='bbox 2051 3502 2072 3532; x_wconf 93' lang='lat'><strong>,</strong></span> <span class='ocrx_word' id='word_1_236' title='bbox 2144 3441 2496 3517; x_wconf 90' lang='lat' dir='ltr'><strong>nonnullis</strong></span> <span class='ocrx_word' id='word_1_237' title='bbox 2547 3442 2978 3518; x_wconf 88' lang='lat' dir='ltr'><strong>sanctissima</strong></span> <span class='ocrx_word' id='word_1_238' title='bbox 3019 3443 3190 3517; x_wconf 86' lang='lat' dir='ltr'><strong>haee</strong></span> <span class='ocrx_word' id='word_1_239' title='bbox 3235 3450 3472 3517; x_wconf 86' lang='lat' dir='ltr'><strong>nostra</strong></span> <span class='ocrx_word' id='word_1_240' title='bbox 3516 3442 3894 3542; x_wconf 82' lang='lat' dir='ltr'><strong>Theologia</strong></span> <span class='ocrx_word' id='word_1_241' title='bbox 3944 3442 4146 3540; x_wconf 87' lang='lat' dir='ltr'><strong>quasi</strong></span> 
     </span>
     <span class='ocr_line' id='line_1_26' title="bbox 1104 3560 4147 3665; baseline -0.001 -28"><span class='ocrx_word' id='word_1_242' title='bbox 1104 3563 1375 3665; x_wconf 83' lang='lat' dir='ltr'><strong>Sphinx</strong></span> <span class='ocrx_word' id='word_1_243' title='bbox 1439 3564 1756 3638; x_wconf 84' lang='lat' dir='ltr'><strong>videatur</strong></span> <span class='ocrx_word' id='word_1_244' title='bbox 1816 3563 2185 3651; x_wconf 84' lang='lat' dir='ltr'><strong>immanis,</strong></span> <span class='ocrx_word' id='word_1_245' title='bbox 2262 3561 2392 3637; x_wconf 89' lang='lat' dir='ltr'><strong>hoc</strong></span> <span class='ocrx_word' id='word_1_246' title='bbox 2457 3586 2600 3638; x_wconf 88' lang='lat' dir='ltr'><strong>uno</strong></span> <span class='ocrx_word' id='word_1_247' title='bbox 2651 3563 2930 3638; x_wconf 90' lang='lat' dir='ltr'><strong>nomine</strong></span> <span class='ocrx_word' id='word_1_248' title='bbox 2980 3562 3070 3636; x_wconf 89' lang='lat' dir='ltr'><strong>ab</strong></span> <span class='ocrx_word' id='word_1_249' title='bbox 3121 3562 3412 3662; x_wconf 67' lang='lat' dir='ltr'><strong>antiqua</strong></span> <span class='ocrx_word' id='word_1_250' title='bbox 3465 3560 3780 3661; x_wconf 86' lang='lat' dir='ltr'><strong>Sphinge</strong></span> <span class='ocrx_word' id='word_1_251' title='bbox 3837 3560 4147 3648; x_wconf 80' lang='lat' dir='ltr'><strong>diversa,</strong></span> 
     </span>
     <span class='ocr_line' id='line_1_27' title="bbox 1105 3681 4146 3783; baseline -0.001 -24"><span class='ocrx_word' id='word_1_252' title='bbox 1105 3683 1295 3783; x_wconf 84' lang='lat' dir='ltr'><strong>quod</strong></span> <span class='ocrx_word' id='word_1_253' title='bbox 1348 3706 1485 3758; x_wconf 92' lang='lat' dir='ltr'><strong>non</strong></span> <span class='ocrx_word' id='word_1_254' title='bbox 1536 3708 1657 3757; x_wconf 92' lang='lat' dir='ltr'><strong>eos</strong></span> <span class='ocrx_word' id='word_1_255' title='bbox 1708 3683 2028 3772; x_wconf 83' lang='lat' dir='ltr'><strong>devorat,</strong></span> <span class='ocrx_word' id='word_1_256' title='bbox 2103 3683 2227 3782; x_wconf 88' lang='lat' dir='ltr'><strong>qui</strong></span> <span class='ocrx_word' id='word_1_257' title='bbox 2280 3683 2676 3782; x_wconf 84' lang='lat' dir='ltr'><strong>aenigmata</strong></span> <span class='ocrx_word' id='word_1_258' title='bbox 2728 3682 2988 3756; x_wconf 89' lang='lat' dir='ltr'><strong>solvere</strong></span> <span class='ocrx_word' id='word_1_259' title='bbox 3040 3690 3446 3782; x_wconf 90' lang='lat' dir='ltr'><strong>nequeunt,</strong></span> <span class='ocrx_word' id='word_1_260' title='bbox 3495 3682 3619 3756; x_wconf 85' lang='lat' dir='ltr'><strong>sed</strong></span> <span class='ocrx_word' id='word_1_261' title='bbox 3667 3681 3822 3757; x_wconf 89' lang='lat' dir='ltr'><strong>illos</strong></span> <span class='ocrx_word' id='word_1_262' title='bbox 3871 3692 4146 3769; x_wconf 86' lang='lat' dir='ltr'><strong>contra,</strong></span> 
     </span>
     <span class='ocr_line' id='line_1_28' title="bbox 1106 3800 4148 3903; baseline -0.001 -24"><span class='ocrx_word' id='word_1_263' title='bbox 1106 3805 1232 3903; x_wconf 91' lang='lat' dir='ltr'><strong>qui</strong></span> <span class='ocrx_word' id='word_1_264' title='bbox 1274 3828 1357 3879; x_wconf 88' lang='lat' dir='ltr'><strong>ea</strong></span> <span class='ocrx_word' id='word_1_265' title='bbox 1397 3802 1611 3903; x_wconf 87' lang='lat' dir='ltr'><strong>probe</strong></span> <span class='ocrx_word' id='word_1_266' title='bbox 1656 3804 2085 3903; x_wconf 89' lang='lat' dir='ltr'><strong>perspiciunt</strong></span> <span class='ocrx_word' id='word_1_267' title='bbox 2128 3802 2245 3901; x_wconf 69' lang='grc' dir='ltr'>Ἣ</span> <span class='ocrx_word' id='word_1_268' title='bbox 2295 3802 2592 3877; x_wconf 91' lang='lat' dir='ltr'><strong>Minime</strong></span> <span class='ocrx_word' id='word_1_269' title='bbox 2635 3802 2943 3901; x_wconf 88' lang='lat' dir='ltr'><strong>negabo,</strong></span> <span class='ocrx_word' id='word_1_270' title='bbox 2993 3802 3426 3900; x_wconf 84' lang='lat' dir='ltr'><strong>disciplinam</strong></span> <span class='ocrx_word' id='word_1_271' title='bbox 3451 3800 3908 3900; x_wconf 85' lang='lat' dir='ltr'><strong>theologicam</strong></span> <span class='ocrx_word' id='word_1_272' title='bbox 3935 3800 4148 3875; x_wconf 78' lang='lat' dir='ltr'><strong>maxi-</strong></span> 
     </span>
     <span class='ocr_line' id='line_1_29' title="bbox 1108 3918 4151 4023; baseline -0.002 -24"><span class='ocrx_word' id='word_1_273' title='bbox 1108 3948 1262 3999; x_wconf 89' lang='lat' dir='ltr'><strong>mos</strong></span> <span class='ocrx_word' id='word_1_274' title='bbox 1333 3922 1577 3999; x_wconf 80' lang='lat' dir='ltr'><strong>fecisse</strong></span> <span class='ocrx_word' id='word_1_275' title='bbox 1648 3948 2055 4023; x_wconf 84' lang='lat' dir='ltr'><strong>progressus</strong></span> <span class='ocrx_word' id='word_1_276' title='bbox 2074 3981 2096 4011; x_wconf 90' lang='lat'>‚</span> <span class='ocrx_word' id='word_1_277' title='bbox 2173 3923 2570 4021; x_wconf 85' lang='lat' dir='ltr'><strong>multasque</strong></span> <span class='ocrx_word' id='word_1_278' title='bbox 2619 3923 3056 4020; x_wconf 87' lang='lat' dir='ltr'><strong>quaestiones</strong></span> <span class='ocrx_word' id='word_1_279' title='bbox 3077 3980 3098 4011; x_wconf 90' lang='lat'>‚</span> <span class='ocrx_word' id='word_1_280' title='bbox 3149 3930 3354 3995; x_wconf 87' lang='lat' dir='ltr'><strong>antea</strong></span> <span class='ocrx_word' id='word_1_281' title='bbox 3409 3920 3519 3995; x_wconf 81' lang='lat' dir='ltr'><strong>vel</strong></span> <span class='ocrx_word' id='word_1_282' title='bbox 3575 3944 3712 3995; x_wconf 91' lang='lat' dir='ltr'><strong>non</strong></span> <span class='ocrx_word' id='word_1_283' title='bbox 3769 3920 3876 3995; x_wconf 81' lang='lat' dir='ltr'><strong>vel</strong></span> <span class='ocrx_word' id='word_1_284' title='bbox 3929 3918 4151 3994; x_wconf 84' lang='lat' dir='ltr'><strong>obiter</strong></span> 
     </span>
     <span class='ocr_line' id='line_1_30' title="bbox 1112 4036 4150 4142; baseline -0.003 -23"><span class='ocrx_word' id='word_1_285' title='bbox 1112 4052 1387 4119; x_wconf 85' lang='lat' dir='ltr'><strong>tantum</strong></span> <span class='ocrx_word' id='word_1_286' title='bbox 1463 4052 1787 4119; x_wconf 86' lang='lat' dir='ltr'><strong>tractatas</strong></span> <span class='ocrx_word' id='word_1_287' title='bbox 1812 4101 1833 4131; x_wconf 91' lang='lat'>‚</span> <span class='ocrx_word' id='word_1_288' title='bbox 1906 4051 2219 4142; x_wconf 80' lang='lat' dir='ltr'><strong>tempore</strong></span> <span class='ocrx_word' id='word_1_289' title='bbox 2290 4050 2528 4116; x_wconf 85' lang='lat' dir='ltr'><strong>nostro</strong></span> <span class='ocrx_word' id='word_1_290' title='bbox 2593 4040 2691 4115; x_wconf 87' lang='lat' dir='ltr'><strong>ita</strong></span> <span class='ocrx_word' id='word_1_291' title='bbox 2755 4042 3150 4139; x_wconf 81' lang='lat' dir='ltr'><strong>exploratas</strong></span> <span class='ocrx_word' id='word_1_292' title='bbox 3213 4064 3364 4115; x_wconf 89' lang='lat' dir='ltr'><strong>esse</strong></span> <span class='ocrx_word' id='word_1_293' title='bbox 3388 4098 3409 4128; x_wconf 89' lang='lat'><em>‚</em></span> <span class='ocrx_word' id='word_1_294' title='bbox 3480 4052 3560 4113; x_wconf 83' lang='lat' dir='ltr'><strong>ut</strong></span> <span class='ocrx_word' id='word_1_295' title='bbox 3617 4062 3793 4114; x_wconf 87' lang='lat' dir='ltr'><strong>nova</strong></span> <span class='ocrx_word' id='word_1_296' title='bbox 3843 4038 3963 4113; x_wconf 84' lang='lat' dir='ltr'><strong>lux</strong></span> <span class='ocrx_word' id='word_1_297' title='bbox 4009 4036 4150 4111; x_wconf 85' lang='lat' dir='ltr'><strong>iam</strong></span> 
     </span>
     <span class='ocr_line' id='line_1_31' title="bbox 1116 4158 4149 4261; baseline -0.003 -23"><span class='ocrx_word' id='word_1_298' title='bbox 1116 4172 1351 4238; x_wconf 83' lang='lat' dir='ltr'><strong>exorta</strong></span> <span class='ocrx_word' id='word_1_299' title='bbox 1414 4162 1507 4237; x_wconf 91' lang='lat' dir='ltr'><strong>sit</strong></span> <span class='ocrx_word' id='word_1_300' title='bbox 1568 4169 1643 4235; x_wconf 88' lang='lat' dir='ltr'><strong>et</strong></span> <span class='ocrx_word' id='word_1_301' title='bbox 1706 4160 2033 4261; x_wconf 89' lang='lat' dir='ltr'><strong>deinceps</strong></span> <span class='ocrx_word' id='word_1_302' title='bbox 2108 4172 2451 4237; x_wconf 83' lang='lat' dir='ltr'><strong>exortura.</strong></span> <span class='ocrx_word' id='word_1_303' title='bbox 2554 4162 2656 4235; x_wconf 92' lang='lat' dir='ltr'><strong>Ut</strong></span> <span class='ocrx_word' id='word_1_304' title='bbox 2718 4184 2876 4235; x_wconf 86' lang='lat' dir='ltr'><strong>vero</strong></span> <span class='ocrx_word' id='word_1_305' title='bbox 2937 4160 3162 4234; x_wconf 89' lang='lat' dir='ltr'><strong>dicam</strong></span> <span class='ocrx_word' id='word_1_306' title='bbox 3227 4159 3416 4257; x_wconf 90' lang='lat' dir='ltr'><strong>quod</strong></span> <span class='ocrx_word' id='word_1_307' title='bbox 3475 4158 3736 4247; x_wconf 79' lang='lat' dir='ltr'><strong>sentiO,</strong></span> <span class='ocrx_word' id='word_1_308' title='bbox 3761 4158 3948 4255; x_wconf 73' lang='lat' dir='ltr'><strong>fidei</strong></span> <span class='ocrx_word' id='word_1_309' title='bbox 3996 4178 4149 4254; x_wconf 84' lang='lat' dir='ltr'><strong>pro-</strong></span> 
     </span>
     <span class='ocr_line' id='line_1_32' title="bbox 1118 4278 4152 4380; baseline -0.002 -25"><span class='ocrx_word' id='word_1_310' title='bbox 1118 4304 1398 4380; x_wconf 88' lang='lat' dir='ltr'><strong>gressus</strong></span> <span class='ocrx_word' id='word_1_311' title='bbox 1446 4280 1618 4353; x_wconf 92' lang='lat' dir='ltr'><strong>mihi</strong></span> <span class='ocrx_word' id='word_1_312' title='bbox 1669 4280 1871 4378; x_wconf 88' lang='lat' dir='ltr'><strong>longe</strong></span> <span class='ocrx_word' id='word_1_313' title='bbox 1920 4280 2219 4355; x_wconf 88' lang='lat' dir='ltr'><strong>minores</strong></span> <span class='ocrx_word' id='word_1_314' title='bbox 2265 4290 2637 4380; x_wconf 88' lang='lat' dir='ltr'><strong>apparent,</strong></span> <span class='ocrx_word' id='word_1_315' title='bbox 2689 4304 2900 4378; x_wconf 88' lang='lat' dir='ltr'><strong>quam</strong></span> <span class='ocrx_word' id='word_1_316' title='bbox 2948 4282 3311 4368; x_wconf 74' lang='lat' dir='ltr'><strong>scientiae,</strong></span> <span class='ocrx_word' id='word_1_317' title='bbox 3361 4286 3574 4377; x_wconf 85' lang='lat' dir='ltr'><strong>atque</strong></span> <span class='ocrx_word' id='word_1_318' title='bbox 3621 4278 3840 4353; x_wconf 88' lang='lat' dir='ltr'><strong>dolori</strong></span> <span class='ocrx_word' id='word_1_319' title='bbox 3887 4285 4152 4375; x_wconf 83' lang='lat' dir='ltr'><strong>tempe·</strong></span> 
     </span>
     <span class='ocr_line' id='line_1_33' title="bbox 1115 4394 4156 4498; baseline -0.002 -22"><span class='ocrx_word' id='word_1_320' title='bbox 1115 4424 1265 4476; x_wconf 88' lang='lat' dir='ltr'><strong>rare</strong></span> <span class='ocrx_word' id='word_1_321' title='bbox 1336 4401 1447 4475; x_wconf 87' lang='lat' dir='ltr'><strong>vix</strong></span> <span class='ocrx_word' id='word_1_322' title='bbox 1516 4423 1797 4498; x_wconf 90' lang='lat' dir='ltr'><strong>possum</strong></span> <span class='ocrx_word' id='word_1_323' title='bbox 1825 4456 1845 4487; x_wconf 91' lang='lat'><strong>,</strong></span> <span class='ocrx_word' id='word_1_324' title='bbox 1920 4399 2044 4473; x_wconf 92' lang='lat' dir='ltr'><strong>ubi</strong></span> <span class='ocrx_word' id='word_1_325' title='bbox 2112 4408 2217 4473; x_wconf 90' lang='lat' dir='ltr'><strong>tot</strong></span> <span class='ocrx_word' id='word_1_326' title='bbox 2286 4408 2658 4497; x_wconf 87' lang='lat' dir='ltr'><strong>tantosque</strong></span> <span class='ocrx_word' id='word_1_327' title='bbox 2723 4398 3029 4497; x_wconf 85' lang='lat' dir='ltr'><strong>adspicio</strong></span> <span class='ocrx_word' id='word_1_328' title='bbox 3097 4398 3274 4475; x_wconf 90' lang='lat' dir='ltr'><strong>viros</strong></span> <span class='ocrx_word' id='word_1_329' title='bbox 3295 4456 3318 4488; x_wconf 94' lang='lat'><strong>,</strong></span> <span class='ocrx_word' id='word_1_330' title='bbox 3389 4398 3510 4498; x_wconf 91' lang='lat' dir='ltr'><strong>qui</strong></span> <span class='ocrx_word' id='word_1_331' title='bbox 3585 4397 3896 4474; x_wconf 84' lang='lat' dir='ltr'><strong>confiteri</strong></span> <span class='ocrx_word' id='word_1_332' title='bbox 3963 4394 4156 4472; x_wconf 87' lang='lat' dir='ltr'><strong>haud</strong></span> 
     </span>
    </p>
   </div>
   <div class='ocr_carea' id='block_1_4' title="bbox 1116 4594 1699 4609">
    <p class='ocr_par' dir='ltr' id='par_1_4' title="bbox 1116 4594 1699 4609">
     <span class='ocr_line' id='line_1_34' title="bbox 1116 4594 1699 4609; baseline 0 1382"><span class='ocrx_word' id='word_1_333' title='bbox 1116 4594 1699 4609; x_wconf 95' lang='lat' dir='ltr'><strong> </strong></span> 
     </span>
    </p>
   </div>
   <div class='ocr_carea' id='block_1_5' title="bbox 1200 4680 3194 4865">
    <p class='ocr_par' dir='ltr' id='par_1_5' title="bbox 1200 4680 3194 4865">
     <span class='ocr_line' id='line_1_35' title="bbox 1202 4680 3194 4761; baseline 0.001 -20"><span class='ocrx_word' id='word_1_334' title='bbox 1202 4680 1251 4760; x_wconf 86' lang='lat'><strong>¹)</strong></span> <span class='ocrx_word' id='word_1_335' title='bbox 1314 4700 1373 4742; x_wconf 78' lang='lat' dir='ltr'><strong>a·</strong></span> <span class='ocrx_word' id='word_1_336' title='bbox 1414 4698 1475 4741; x_wconf 83' lang='lat' dir='ltr'><strong>n.</strong></span> <span class='ocrx_word' id='word_1_337' title='bbox 1512 4696 1745 4753; x_wconf 65' lang='lat' dir='ltr'><strong>nonan,</strong></span> <span class='ocrx_word' id='word_1_338' title='bbox 1788 4680 1847 4741; x_wconf 74' lang='lat' dir='ltr'><strong>in</strong></span> <span class='ocrx_word' id='word_1_339' title='bbox 1885 4700 2049 4759; x_wconf 75' lang='lat' dir='ltr'><strong>opere</strong></span> <span class='ocrx_word' id='word_1_340' title='bbox 2073 4682 2398 4759; x_wconf 73' lang='lat' dir='ltr'><strong>periodica.-</strong></span> <span class='ocrx_word' id='word_1_341' title='bbox 2437 4683 2505 4741; x_wconf 86' lang='lat' dir='ltr'><strong>de</strong></span> <span class='ocrx_word' id='word_1_342' title='bbox 2546 4681 2683 4740; x_wconf 67' lang='lat' dir='ltr'><strong>eide</strong></span> <span class='ocrx_word' id='word_1_343' title='bbox 2729 4684 2916 4753; x_wconf 82' lang='lat'><strong>1861,</strong></span> <span class='ocrx_word' id='word_1_344' title='bbox 2958 4701 3014 4761; x_wconf 87' lang='lat' dir='ltr'><strong>p.</strong></span> <span class='ocrx_word' id='word_1_345' title='bbox 3055 4686 3194 4742; x_wconf 76' lang='lat'><strong>460.</strong></span> 
     </span>
     <span class='ocr_line' id='line_1_36' title="bbox 1200 4783 2504 4865; baseline 0 -22"><span class='ocrx_word' id='word_1_346' title='bbox 1200 4785 1253 4859; x_wconf 83' lang='lat'><strong>¹)</strong></span> <span class='ocrx_word' id='word_1_347' title='bbox 1312 4786 1606 4857; x_wconf 69' lang='lat' dir='ltr'><strong>Suauss,</strong></span> <span class='ocrx_word' id='word_1_348' title='bbox 1650 4783 2105 4847; x_wconf 79' lang='lat' dir='ltr'><strong>Glaubenslebre.</strong></span> <span class='ocrx_word' id='word_1_349' title='bbox 2144 4784 2229 4845; x_wconf 91' lang='lat'><strong>11.</strong></span> <span class='ocrx_word' id='word_1_350' title='bbox 2270 4806 2323 4865; x_wconf 90' lang='lat' dir='ltr'><strong>p.</strong></span> <span class='ocrx_word' id='word_1_351' title='bbox 2369 4788 2504 4843; x_wconf 79' lang='lat'><strong>626.</strong></span> 
     </span>
    </p>
   </div>
  </div>
 </body>
</html>
