4728 5991
1121 617 1251 686 266
2064 619 2137 690 E.
2206 621 2258 685 Ι.
2334 619 2652 686 DIEST
2719 617 3222 687 LORGION

1129 827 1265 902 tica
1327 824 1683 914 babuisse,
1734 849 1913 924 quae
1958 827 2192 926 spuria
2244 851 2396 930 esse
2418 885 2438 916 ,
2488 827 2597 903 his
2647 827 2896 904 diebus
2943 826 3272 904 omnibus
3321 851 3726 928 persuasum
3780 838 3904 905 est.
4001 831 4150 908 Qua

1124 945 1213 1019 de
1280 969 1355 1018 re
1422 945 1855 1020 luculentum
1913 947 2311 1046 exemplum
2379 948 2718 1024 habemus
2767 949 2842 1024 in
2895 949 2980 1024 iis
3001 1007 3021 1038 ,
3087 973 3266 1048 quae
3312 958 3510 1049 pater
3559 947 3880 1024 historiae
3931 949 4148 1024 Eccle-

1128 1065 1441 1140 siasticae
1498 1065 1709 1140 refert
1760 1066 1849 1140 de
1904 1068 2193 1167 epistola
2238 1068 2564 1167 quadam.
2667 1071 2990 1144 Testatur
3046 1091 3396 1146 susumus
3413 1127 3432 1159 ,
3488 1091 3844 1144 ansanum
3861 1127 3880 1157 ,
3937 1091 4150 1168 regem

1126 1185 1468 1274 Edessae,
1532 1211 1749 1283 quum
1808 1187 2004 1286 gravi
2072 1187 2313 1262 morbo
2379 1190 2645 1287 quique
2695 1188 2998 1266 humana
3039 1213 3172 1287 ope
3234 1189 3458 1264 curari
3505 1213 3644 1263 non
3694 1198 3964 1288 posset,
4009 1212 4155 1262 con·

1134 1313 1558 1393 sumeretur,
1627 1306 2049 1406 simulatque
2108 1307 2196 1381 de
2261 1308 2526 1382 Christi
2564 1309 2842 1384 nomine
2896 1308 3156 1408 ubique
3207 1309 3464 1384 diffuso
3521 1334 3603 1384 ac
3665 1309 3754 1382 de
3817 1307 4158 1406 stupendis

1127 1423 1283 1499 eius
1321 1425 1671 1524 miraculis
1692 1484 1713 1515 ,
1776 1451 1955 1525 quae
1998 1426 2313 1501 omnium
2377 1429 2772 1503 testimonio
2815 1431 3254 1504 firmarentur
3272 1451 3296 1518 ,·
3353 1429 3728 1529 acceperit,
3781 1428 4007 1502 missis
4049 1450 4157 1526 per

1128 1543 1565 1620 tabellarium
1606 1545 1889 1635 litteris,
1934 1547 2313 1647 supplicem
2354 1573 2519 1622 eum
2557 1573 2864 1648 rogasse,
2915 1557 2997 1624 ut
3039 1573 3112 1624 se
3149 1549 3391 1624 morbo
3419 1549 3774 1636 liberaret;
3819 1547 4158 1622 Christum

1128 1672 1365 1740 autem
1436 1673 1607 1740 tunc
1676 1665 1960 1765 quidem
2034 1669 2305 1742 vocanti
2369 1669 2656 1743 minime
2727 1695 2878 1744 esse
2953 1668 3359 1744 obsecutum
3385 1729 3403 1756 ,
3474 1669 3735 1743 litteras
3791 1677 4024 1742 tamen
4079 1665 4160 1740 ad

1126 1809 1290 1858 eum
1332 1784 1631 1859 scribere
1672 1810 1809 1860 non
1850 1809 2237 1875 recusasse,
2288 1789 2547 1885 quibus
2587 1813 2808 1864 unum
2849 1815 2888 1864 e
2927 1788 3284 1887 discipulis
3323 1789 3504 1874 suis,
3549 1787 3672 1884 qui
3705 1787 3940 1886 ipsum
3981 1809 4158 1858 sana-

1134 1913 1280 1993 ret,
1325 1905 1802 2002 polliceretur,
1851 1928 2079 2003 neque
2128 1905 2262 2004 ipsi
2308 1907 2536 1982 solum
2562 1966 2582 1997 ,
2635 1909 2758 1983 sed
2799 1908 3124 1984 omnibus
3173 1907 3585 2007 propinquis
3623 1917 3694 1980 et
3724 1903 4164 1980 familiaribus

1132 2023 1429 2099 salutem
1494 2025 1984 2123 praestiturum
2002 2058 2021 2113 3
2090 2025 2219 2100 hoc
2276 2051 2510 2102 revera
2569 2039 2810 2126 postea
2863 2029 3124 2103 factum
3175 2051 3358 2114 esse;
3411 2049 3912 2112 rnannuuu,
3964 2047 4162 2097 unum

1132 2167 1173 2216 e
1212 2143 1653 2243 septuaginta
1706 2143 1967 2218 Christi
2008 2143 2498 2245 discipulorum
2536 2171 2858 2238 numero,
2909 2173 2952 2224 a
3005 2171 3262 2222 'mous
3304 2151 3362 2221 A
3373 2147 3676 2245 post010‚
3724 2155 3888 2244 post
3933 2142 4166 2217 Christi

1134 2263 1497 2338 decessum
1517 2321 1537 2352 ,
1612 2264 1907 2340 missum
1972 2289 2123 2341 esse
2178 2266 2513 2344 Edessam
2537 2327 2556 2357 ,
2623 2277 2697 2342 et
2757 2293 2993 2368 regem
3043 2291 3256 2344 manu
3317 2288 3696 2340 rnsnmni
3743 2265 3810 2338 ei
3863 2263 4166 2362 imposita

1138 2382 1372 2457 statim
1458 2382 1725 2468 morbo,
1770 2392 1844 2458 et
1904 2386 2378 2486 aegritudine,
2451 2412 2592 2486 qua
2661 2388 3002 2464 laboraret
3021 2447 3040 2479 ,
3111 2411 3262 2462 esse
3321 2385 3712 2461 liberatum.
3817 2385 4167 2458 Eusnmus

1131 2512 1367 2578 autem
1433 2527 1569 2578 uon
1636 2512 1909 2580 tantum
1968 2513 2303 2595 testatur,
2363 2506 2722 2583 Christum
2765 2533 2904 2583 non
2955 2531 3306 2584 recusasse
3357 2507 3616 2580 litteras
3681 2506 3770 2580 ad
3829 2525 4166 2579 ansanum

1132 2623 1425 2698 scribere
1446 2681 1467 2712 ,
1522 2624 1646 2698 sed
1700 2624 1909 2700 etiam
1965 2625 2326 2724 epistolam
2378 2652 2420 2701 a
2461 2625 2743 2703 Christo
2789 2629 2940 2730 regi
2987 2629 3270 2704 missam
3325 2625 3625 2700 exhibet.
3701 2625 3933 2698 Cuius
3983 2619 4174 2697 verba

1126 2744 1294 2820 haec
1344 2755 1545 2819 sunt:

1232 2865 1551 2938 nBeatus
1594 2888 1735 2966 es,
1760 2863 1883 2963 qui
1918 2865 1993 2938 in
2034 2889 2147 2940 me
2184 2867 2595 2957 credideris,
2645 2893 2854 2967 quem
2891 2891 3030 2942 non
3074 2867 3328 2941 vidisti.
3431 2867 3538 2942 De
3581 2889 3694 2938 me
3735 2864 3926 2936 enim
3977 2861 4170 2960 scrip·

1128 2992 1285 3059 tum
1330 2991 1479 3072 est,
1526 3008 1688 3072 eos,
1739 2983 1863 3083 qui
1909 3008 2023 3059 me
2070 2985 2402 3077 viderint,
2454 3012 2592 3063 non
2637 2988 3018 3065 credituros
3061 2988 3132 3063 in
3179 3012 3331 3076 me,
3384 2998 3465 3061 ut
3499 2985 3590 3073 ii,
3641 2984 3764 3084 qui
3815 3009 3960 3059 non
3996 2981 4171 3056 vide·

1126 3104 1303 3191 rint,
1386 3102 1745 3179 credentes
1824 3104 2038 3179 vitam
2114 3107 2474 3206 accipiant.
2605 3109 2817 3190 Quod
2888 3132 3048 3185 vero
3111 3109 3204 3183 ad
3276 3132 3388 3182 me
3465 3105 3745 3194 scribis,
3837 3112 3921 3178 ut
3973 3101 4064 3177 ad
4113 3110 4176 3174 te

1126 3221 1517 3322 proficiscar
1535 3279 1556 3310 ,
1630 3222 1743 3299 hic
1808 3246 2087 3299 necesse
2170 3226 2392 3301 habeo
2453 3228 2689 3304 omnia
2745 3228 3032 3329 implere
3089 3235 3368 3327 propter
3427 3250 3607 3323 quae
3671 3248 3834 3299 sum
3893 3222 4173 3305 missus,

1128 3342 1355 3441 iisque
1428 3340 1715 3419 demum
1788 3342 2125 3418 absolutis
2142 3402 2163 3433 ,
2246 3346 2333 3421 ad
2412 3347 2609 3422 illum
2636 3406 2656 3437 ,
2735 3348 2862 3449 qui
2931 3370 3048 3423 me
3109 3347 3342 3435 misit,
3417 3346 3686 3421 reverti.
3811 3344 4176 3419 Caeterum

1133 3485 1346 3559 quam
1392 3462 1697 3561 primum
1742 3462 1835 3537 ad
1881 3486 2041 3538 eum
2090 3486 2203 3539 me
2243 3490 2598 3565 recepero,
2644 3491 2729 3542 ex
2773 3466 3131 3567 discipulis
3171 3467 3347 3541 meis
3394 3465 3696 3563 aliquem
3737 3464 3834 3538 ad
3901 3476 3972 3538 te
4029 3461 4178 3535 mit·

1128 3592 1273 3657 tam
1292 3639 1314 3671 ,
1384 3582 1508 3681 qui
1572 3591 1645 3657 et
1670 3581 2036 3657 *morbum
2102 3591 2307 3657 tuum
2367 3594 2564 3659 curet
2625 3593 2698 3659 et
2757 3585 2968 3659 vitam
3029 3584 3162 3658 tibi
3219 3583 3500 3681 tuisque
3575 3582 3958 3683 praestet.”
4079 3578 4179 3652 En

1128 3702 1345 3799 igitur
1404 3702 1765 3803 epistolam
1828 3701 2051 3802 ipsius
2118 3702 2416 3792 Christi,
2482 3704 2606 3803 qui
2665 3704 2872 3805 vulgo
2935 3702 3240 3779 creditur
3293 3702 3469 3777 nihil
3509 3700 3746 3801 scripti
3795 3696 4178 3798 reliquisse.

1130 3821 1299 3895 Eius
1340 3823 1772 3898 authentiam
1802 3846 1995 3911 vero,
2046 3845 2474 3921 quamquam
2503 3830 2665 3899 ante
2689 3822 2818 3897 hos
2851 3821 3098 3922 viginti
3121 3844 3338 3895 anuos
3365 3844 3408 3895 a
3437 3840 3744 3893 amomo
3775 3816 4176 3902 defensam,

1126 3964 1367 4016 omnes
1410 3940 1759 4030 reiiciunt,
1802 3950 1875 4015 et
1924 3939 2209 4040 quidem
2252 3942 2436 4033 iure,
2489 3953 2570 4019 ut
2609 3943 2871 4042 opinor.
2949 3942 3315 4017 Eusnnms
3355 3947 3592 4014 autem
3633 3937 3724 4011 de
3763 3960 3854 4012 ea
3899 3934 4180 4011 minime

1130 4058 1496 4136 dubitavit.
1548 4059 2051 4160 Reperiebatur
2078 4061 2265 4136 enim
2294 4063 2464 4138 haec
2492 4063 2781 4165 epistola
2803 4060 3108 4139 Edessae
3131 4061 3205 4135 in
3231 4057 3704 4135 monumentis
3726 4055 4038 4157 publicis
4051 4112 4072 4143 ,
4109 4053 4176 4125 in

1132 4177 1390 4276 quibus
1434 4180 1889 4279 antiquitates
1938 4180 2135 4255 urbis
2181 4191 2255 4256 et
2304 4206 2415 4258 res
2467 4207 2740 4259 annam
2793 4192 3030 4283 gestae
3081 4180 3645 4267 continebantur,
3706 4186 3778 4252 et
3825 4178 3984 4277 ipse
4027 4198 4178 4251 eam

1134 4320 1223 4372 ex
1264 4297 1555 4373 archivis
1604 4300 2080 4398 depromptam
2126 4324 2167 4375 e
2206 4302 2534 4401 Syrorum
2579 4301 2820 4407 lingua
2859 4300 3236 4379 transtulit.
3333 4300 3586 4399 Neque
3630 4320 3992 4373 susumus
4033 4305 4182 4371 tan·

1133 4426 1289 4491 tum
1338 4416 1517 4493 hanc
1550 4418 1911 4516 epistolam
1958 4419 2426 4497 authenticam
2465 4422 2706 4512 habet,
2759 4421 2884 4498 sed
2927 4422 3246 4497 universa
3285 4419 3590 4496 Ecclesia
3625 4419 3702 4493 in
3747 4418 4066 4493 Oriente.

1228 4535 1423 4611 Huic
1477 4536 1695 4637 igitur
1740 4538 2135 4615 testimonio
2176 4562 2462 4616 nusnnn
2509 4540 2800 4640 eiusque
2843 4538 3152 4640 opinioni
3193 4538 3538 4614 confidere
3575 4560 3716 4613 non
3778 4558 4180 4635 possumus.

1130 4656 1203 4730 N
1202 4678 1293 4731 on
1336 4654 1805 4733 dubitandum
1855 4658 2137 4757 quidem
2189 4669 2297 4736 est
2316 4718 2337 4749 ,
2385 4684 2477 4737 au
2531 4684 2766 4736 revera
2813 4660 3102 4761 epistola
3143 4660 3217 4733 in
3261 4656 3556 4734 archivis
3599 4656 3913 4731 Edessae
3963 4676 4182 4731 asser·

1132 4784 1287 4853 vata
1350 4776 1602 4869 fuerit,
1668 4802 1834 4854 nam
1894 4778 1968 4853 in
2026 4778 2153 4869 iis,
2216 4804 2400 4879 quae
2457 4788 2730 4870 narrat,
2791 4790 3080 4857 eatenus
3107 4779 3274 4875 ,fide
3321 4777 3579 4879 dignus
3623 4784 3732 4852 est
3785 4794 4184 4859 rasurus,

109 5914 117 5956 7-
