4728 5991
1133 592 1261 654 164
2159 589 2437 652 Ac'rA
2512 589 2617 651 lN
2688 560 3136 654 SENAT'U.

1469 817 1664 866 mum
1739 815 2184 869 oozzwnwu
2251 816 2491 868 unum
2558 816 2835 882 nosco,
2910 816 3115 868 conn.
3192 816 3345 866 un.
3414 793 3509 868 fil.
3626 795 3687 867 E
3756 795 4175 868 Curatorum

1468 912 1743 986 decreto
1818 913 2212 1010 Graphiarii
2292 937 2553 987 munus
2624 913 2696 986 in
2770 913 2959 987 hunc
3020 937 3281 986 annum
3350 913 3759 988 mandatum
3832 921 3937 988 est
4013 912 4177 988 Viro

1467 1029 1867 1104 Clarissimo
1931 1052 2251 1103 flammeo
2309 1052 2757 1104 cflmsrnmo
2810 1053 3133 1104 munins.

1565 1247 1968 1320 Assessores
2015 1245 2572 1320 constituuntur:

1763 1387 1872 1461 Ex
1921 1387 2186 1460 Ordine
2235 1387 2463 1462 Math.
2528 1386 2655 1461 Vir
2704 1387 2885 1464 Clar.
2940 1411 3000 1462 ι’.
3057 1410 3125 1460 A.
3182 1412 3249 1460 a.
3303 1409 3608 1462 uiuum..

1791 1535 1827 1576 ts
2036 1536 2072 1574 n
2225 1506 2464 1581 Theoi.
2577 1536 2613 1575 n
2773 1536 2810 1574 n
2926 1531 3000 1580 Η.
3056 1529 3120 1579 B.
3174 1527 3424 1579 vlunt.

1793 1654 1830 1692 n
2038 1654 2074 1694 n
2228 1626 2372 1702 Iur.
2580 1656 2617 1695 n
2777 1656 2813 1695 n
2928 1651 2977 1700 Ι.
3032 1649 3099 1700 Δ.
3154 1646 3399 1699 raum.

1797 1772 1835 1813 n
2043 1771 2080 1811 n
2231 1743 2369 1819 Lit.
2575 1775 2610 1812 n
2770 1774 2805 1813 et
2929 1771 3000 1820 o.
3050 1767 3118 1818 o.
3170 1765 3413 1816 namn.

1119 1983 1246 2054 Die
1340 1983 1390 2053 3
1443 2005 1534 2054 m.
1589 1979 1788 2053 Maii.
1891 1977 2192 2052 Senatus
2261 1977 2459 2078 luget
2516 1979 2787 2054 obitum
2854 1979 3007 2054 Viri
3068 1977 3453 2053 Clarissimi
3508 2000 3755 2050 nicom
3816 1999 4162 2052 mmonm

1458 2091 1784 2176 conum
1847 2119 2282 2174 sonantum
2343 2121 2490 2173 vm
2554 2123 2700 2176 nna
2756 2123 3001 2187 xonx,
3052 2099 3125 2172 in
3174 2096 3505 2177 facultate
3554 2095 3835 2178 Medica
3895 2098 4158 2172 Profes-

1455 2219 1665 2305 soris‚
1737 2242 1862 2315 per
1928 2239 2159 2291 xxxvl
2227 2216 2369 2292 fere
2431 2243 2649 2294 annos
2722 2219 2933 2294 huius
3009 2216 3430 2292 Academiae
3510 2215 3938 2306 ornamenti,
4010 2223 4161 2315 post

1456 2338 1868 2411 diuturnum
1923 2334 2245 2411 morbum
2294 2337 2520 2436 primo
2568 2338 2778 2412 huius
2830 2338 3085 2412 mensis
3134 2336 3249 2410 die
3302 2335 3442 2410 vita
3490 2336 3825 2412 defuncti.

1110 2459 1239 2531 Die
1338 2461 1382 2532 8
1435 2483 1527 2532 m.
1581 2457 1775 2532 Maii.
1881 2456 2137 2530 Rector
2211 2457 2637 2555 Magnificus
2706 2457 3025 2532 omnium
3087 2455 3367 2530 nomine
3442 2456 3700 2554 gratias
3776 2455 3925 2554 agit
3993 2454 4151 2528 Viro

1444 2575 1625 2651 Clar.
1681 2598 2006 2664 monac,
2057 2574 2182 2674 qui
2226 2598 2486 2648 munus
2530 2575 2665 2650 sibi
2702 2602 2745 2650 a
2776 2575 3233 2652 curatoribus
3256 2576 3331 2650 in
3356 2576 3735 2651 Academia
3772 2577 4149 2675 Lugdune-

1443 2695 1708 2768 Batava
1754 2694 2067 2768 oblatum
2119 2694 2485 2768 recusavit.
2868 2717 2877 2724 ·

1105 2813 1234 2889 Die
1281 2816 1378 2887 29
1429 2813 1758 2911 Augusti.
1861 2813 2161 2892 Senatus
2230 2813 2425 2912 luget
2494 2813 2767 2890 obitum
2836 2813 2989 2888 Viri
3051 2813 3441 2888 Clarissimi
3490 2834 3800 2886 numum
3847 2833 4155 2894 neuun

1447 2955 1676 3009 vinu
1695 2987 1716 3020 ,
1785 2931 2198 3033 Theologiae
2266 2932 2679 3011 Professoris
2699 2992 2720 3024 ,
2790 2933 2903 3009 die
2966 2936 3061 3011 27
3112 2959 3206 3009 m.
3268 2932 3588 3033 Augusti
3638 2930 3986 3020 defuncti,
4038 2929 4153 3031 qui

1447 3078 1572 3151 per
1619 3076 1771 3132 xxv
1819 3076 2038 3127 annos
2087 3052 2296 3131 huius
2343 3053 2765 3129 Academiae
2812 3053 2949 3129 fuit
2996 3055 3209 3129 decus
3256 3061 3329 3129 et
3378 3058 3889 3132 ornamentum.

1111 3172 1238 3243 Die
1291 3174 1386 3245 26
1441 3194 1531 3244 m.
1587 3172 2039 3272 Septembris.
2100 3173 2228 3247 Vir
2263 3174 2709 3250 Clarissimus
2736 3196 3187 3250 eunnmmus
3214 3194 3535 3259 xos'rna,
3564 3197 3650 3247 ex
3673 3172 3950 3249 decreto
3970 3170 4149 3269 regio

1443 3292 1511 3367 d.
1561 3296 1610 3365 4
1659 3316 1752 3368 m.
1798 3292 1964 3367 Iulii
2010 3318 2073 3367 a.
2126 3294 2316 3372 1862
2386 3294 2457 3367 in
2523 3294 2789 3367 Ordine
2834 3292 3269 3367 Medicorum
3332 3292 3683 3369 Professor
3742 3290 4145 3365 Ordinarius

1445 3410 1886 3509 designatus,
1931 3437 1973 3487 a
2011 3412 2273 3489 Senatu
2311 3414 2773 3511 Amplissimo
2807 3412 2879 3486 in
2918 3412 3315 3490 cathedram
3366 3411 3631 3486 ductus
3666 3434 3927 3485 munus
3954 3432 4149 3483 suum

1443 3532 1839 3627 auspicatus
1883 3540 1992 3607 est
2031 3531 2338 3607 oratione
2390 3558 2705 3609 sermone
2756 3533 3123 3609 vernaculo
3178 3531 3419 3607 habita
3460 3534 3545 3606 de
3592 3532 4038 3605 institutionis
4078 3530 4149 3600 in

1430 3652 1830 3750 patholoqia
1869 3653 2186 3750 ,ρεπεν-αῖς·
2223 3655 2511 3729 ratione.

1114 3770 1236 3845 Die
1339 3773 1383 3845 6
1437 3796 1530 3845 m.
1583 3771 2020 3850 Novembris.
2105 3772 2476 3847 Curatores
2534 3796 2695 3847 cum
2759 3772 3023 3847 Senatu
3087 3771 3605 3849 communicant
3654 3768 3905 3845 Virum
3956 3790 4145 3841 orna-

1447 3890 1792 3967 tissimum
1865 3916 1936 3969 n.
2005 3916 2077 3967 A.
2145 3912 2569 3977 nauoon'r,
2649 3889 2788 3965 Lit.
2852 3888 3071 3965 Hum.
3151 3887 3415 3974 Cand.,
3504 3886 3597 3961 ad
3680 3892 3963 3982 tempus
4027 3881 4145 3956 Bi-

1447 4008 1830 4085 bliothecae
1867 4006 2283 4085 Academiae
2331 4006 2691 4081 custodem
2732 4031 2883 4081 esse
2932 4006 3397 4105 designatum.

1115 4126 1240 4197 Die
1291 4128 1384 4197 30
1437 4152 1529 4199 m.
1583 4128 1908 4203 Ianuarii.
2009 4127 2136 4201 Vir
2197 4125 2641 4203 Clarissimus
2708 4148 3079 4203 muamus
3130 4150 3441 4201 neonus
3494 4146 3643 4199 vm
3692 4142 4145 4205 omnuim,

1441 4244 1852 4344 Theologiae
1907 4246 2166 4319 Doctor
2209 4254 2282 4319 et
2326 4244 2695 4344 Euangelii
2748 4247 3101 4343 Interpres
3156 4246 3227 4321 in
3280 4251 3483 4319 coetu
3532 4237 4144 4325 Roterodamensi,

1447 4364 1949 4461 Angustissimi
2025 4363 2244 4463 Regis
2320 4363 2596 4439 decreto
2674 4365 2743 4439 d.
2806 4366 2896 4439 18
2953 4364 3275 4439 Octobris
3331 4390 3395 4439 a.
3476 4364 3667 4437 1862
3735 4357 4147 4456 Theologiae

1444 4482 1794 4559 Professor
1860 4482 2274 4559 Ordinarius
2314 4492 2624 4573 creatus,
2668 4484 2757 4559 ab
2804 4484 3257 4583 Amplissimo
3302 4483 3565 4559 Senatu
3620 4482 3693 4555 in
3748 4477 4147 4558 cathedram

1445 4602 1704 4677 ductus
1773 4602 2149 4679 orationem
2223 4602 2439 4677 habet
2510 4606 2594 4679 de
2666 4608 3099 4703 Scepticismo
3168 4605 3515 4679 hodiernis
3581 4600 3899 4697 theoloyis
3950 4602 4149 4671 caute

1431 4724 1726 4798 vitando.
