4728 5991
1994 590 2553 659 ORATPO.
3704 594 3794 664 2⁰¹!

743 808 846 877 cst
906 798 1224 875 invenire
1243 858 1262 889 ,
1327 800 1675 873 neminem
1741 796 2032 873 arbitror
2097 819 2258 873 cum
2320 798 2577 875 maiore
2628 800 2943 875 omnium
2996 801 3507 902 exspectatione
3561 803 3779 879 Oura·

741 929 922 997 tores
984 940 1318 996 nomae
1371 938 1834 995 successorem
1875 918 2238 1019 designare
2283 922 2663 1018 potuerunt
2700 940 2910 1018 quam
2953 921 3435 997 doctissimum
3474 918 3782 1000 asardis.

741 1040 886 1121 Qui
929 1041 1103 1140 quid
1156 1041 1232 1115 in
1277 1038 1562 1115 medicis
1616 1038 1866 1115 studiis
1916 1038 2364 1115 elaboraverit
2384 1096 2405 1127 ,
2472 1038 2799 1137 equidem
2846 1040 3227 1118 diiudicare
3276 1059 3416 1117 nou
3466 1062 3776 1142 possum.

739 1154 894 1235 Hoc
958 1184 1178 1235 unum
1231 1159 1386 1234 dico
1444 1160 1794 1235 neminem
1847 1160 2161 1235 omnium
2183 1219 2202 1248 ‚
2271 1182 2449 1259 quos
2499 1184 2585 1233 ex
2630 1168 2865 1235 nostra
2918 1179 3048 1260 ego
3102 1162 3474 1262 disciplina
3514 1163 3588 1237 in
3634 1184 3779 1237 rue-¹

739 1278 1050 1359 dicomm
1115 1279 1382 1355 scholas
1445 1280 1736 1355 transire
1811 1280 1989 1367 vidi,
2065 1288 2205 1353 tam
2269 1290 2529 1355 rectam
2594 1302 2789 1379 spem
2846 1280 3125 1356 futurae
3177 1282 3623 1359 excellentiae
3668 1300 3777 1357 os·-·

739 1400 1065 1475 tendisse.

777 1552 780 1557 ·
831 1522 1280 1619 Quantopere
1338 1519 1626 1594 laetarer
1645 1578 1664 1606 ,
1735 1514 2110 1592 Auditores
2129 1576 2148 1605 ,
2221 1518 2278 1592 si
2343 1518 2701 1593 vobiscum
2770 1520 3277 1594 communicare
3324 1521 3558 1595 liceret
3606 1541 3767 1598 con-

735 1638 1128 1715 troversiam
1173 1638 1366 1712 illam
1409 1637 1888 1737 gravissimam
1932 1645 2005 1711 et
2051 1661 2212 1711 cum
2258 1636 2679 1713 Academiae
2726 1637 2945 1737 gloria
2994 1638 3632 1716 coniunctissimam
3686 1642 3778 1717 de

733 1758 1124 1835 renovando
1172 1748 1612 1833 Noeoeomio'
1635 1756 1920 1831 tandem
1970 1757 2060 1831 ad
2103 1752 2316 1831 finem
2363 1780 2515 1831 esse
2559 1757 3003 1857 perductam3
3057 1782 3113 1833 a»
3156 1782 3297 1856 quo
3349 1759 3539 1858 quod
3586 1766 3778 1835 nunc

734 1879 874 1954 fere
939 1876 1266 1954 remotior
1331 1877 1424 1951 sit
1491 1900 1702 1976 quam
1765 1900 2076 1976 unquam
2096 1936 2116 1965 ,
2183 1884 2289 1952 est
2335 1901 2501 1952 sane
2544 1878 2732 1977 quod
2781 1878 3199 1955 Academiae
3252 1888 3527 1955 nostrae
3572 1904 3783 1957 causa

735 2022 1072 2100 perquam
1121 1998 1498 2074 doleamus.
1599 1996 2165 2096 Exspectandum
2215 1997 2401 2071 enim
2450 1998 2724 2073 videtur
2766 1997 2911 2071 fore
2971 2004 3053 2073 ut
3096 2022 3371 2075 summa
3422 2001 3497 2075 in
3548 2010 3785 2077 nostra

734 2119 1008 2195 civitate
1055 2125 1402 2217 potestas,
1449 2142 1671 2217 quum
1713 2116 1961 2192 viderit
1991 2117 2316 2192 maiorem
2355 2126 2621 2217 partem
2656 2119 3070 2193 Senatorum
3118 2119 3565 2195 Leidensium
3586 2178 3605 2209 ‚
3657 2118 3783 2219 qui

737 2261 923 2311 nunc
983 2243 1188 2325 sunt,
1237 2236 1313 2309 in
1370 2234 1694 2311 solvenda
1751 2235 1932 2325 fide,
1983 2260 2162 2335 quae
2209 2235 2481 2310 dudum
2536 2236 2699 2311 data
2745 2244 2930 2326 erat,
2979 2238 3525 2337 pertinacissime
3569 2240 3778 2317 refra-

732 2365 1011 2457 gantem
1036 2414 1058 2445 ‚
1098 2380 1180 2431 eo
1213 2356 1495 2431 tandem
1536 2354 1995 2455 perducatur,
2036 2362 2149 2443 ut,
2183 2355 2324 2429 sive
2363 2355 2527 2428 velit
2566 2356 2707 2429 sive
2731 2356 2942 2445 nolit,
2978 2358 3407 2434 conditiones
3434 2359 3583 2433 tolli
3619 2383 3779 2434 con-

731 2477 932 2551 cedat
949 2536 970 2565 ‚
1040 2499 1222 2575 quae
1289 2475 1379 2550 ab
1447 2475 1692 2549 eodem
1755 2474 1874 2549 illo
1945 2474 2210 2550 Senatu
2269 2473 2535 2573 aliquot
2576 2498 2795 2550 annos
2845 2485 3007 2551 ante
3057 2485 3363 2553 statutae
3410 2487 3646 2553 essent
3705 2487 3779 2555 et

702 2594 1230 2695 comprobatae.
1335 2594 1475 2670 Sed
1535 2593 1639 2669 illi
1698 2593 1825 2693 qui
1865 2595 2080 2670 fidem
2128 2594 2506 2684 dederant,
2569 2617 2981 2695 persuasum
3030 2596 3167 2671 sibi
3214 2597 3566 2672 habebant
3583 2655 3604 2686 ‚
3655 2598 3782 2697 qui

733 2716 1148 2793 Academiae
1205 2716 1385 2790 bene
1436 2714 1641 2804 velit,
1708 2714 1800 2789 ab
1861 2739 1942 2790 eo
2007 2714 2168 2814 plus
2229 2736 2381 2789 esse
2435 2715 2931 2815 praestandum
2975 2730 3195 2816 quam·
3233 2716 3460 2793 verba.
3564 2706 3777 2791 Vide-

733 2834 904 2911 bant
980 2836 1163 2913 enim
1222 2858 1368 2911 rem
1446 2857 1597 2909 esse
1675 2834 1963 2909 maximi
2023 2834 2403 2925 momenti,
2468 2858 2679 2936 quam
2754 2838 2877 2937 qui
2952 2862 3141 2915 nunc
3194 2844 3359 2914 sunt
3408 2838 3773 2914 Senatores

727 2957 922 3033 nihili
964 2957 1108 3034 fere
1153 2958 1403 3034 ducere
1451 2955 1808 3044 videntur,
1860 2954 2118 3033 scilicet
2161 2955 2459 3058 tempori
2476 2981 2627 3034 esse
2652 2957 3217 3060 prospiciendum
3237 3020 3256 3051 ,
3301 2982 3392 3035 ne
3421 2958 3773 3060 legislator

729 3079 1142 3179 aliquando,
1213 3078 1336 3154 ubi
1393 3077 1903 3154 institutionem
1950 3078 2439 3154 Academicum
2488 3079 2951 3156 ordinaturus·
2988 3087 3136 3170 est,
3202 3081 3353 3155 iure
3412 3097 3539 3156 suo
3590 3079 3779 3160 dicat

729 3198 1016 3274 Leidam
1061 3222 1202 3274 non
1247 3221 1402 3274 esse
1450 3197 1692 3273 urbem
1716 3256 1735 3286 ,
1765 3197 1838 3271 in
1875 3222 2016 3296 qua
2054 3198 2407 3274 institutio
2453 3199 2873 3276 Academica
2915 3199 3253 3276 omnibus
3290 3201 3599 3276 numeris
3649 3201 3771 3276 ab·

735 3320 958 3396 soluta
1007 3319 1226 3420 possit
1274 3319 1593 3395 residere.

825 3438 966 3514 Sed
1031 3439 1396 3514 mittamus
1434 3458 1582 3513 rem
1628 3437 1818 3513 illam
1861 3439 2221 3514 molestam
2265 3445 2336 3514 et
2374 3463 2663 3540 agamus
2708 3440 2943 3540 potius
2986 3439 3243 3540 gratias
3286 3440 3449 3515 viris
3484 3440 3767 3541 amplis·

731 3558 962 3648 simis,
1007 3583 1304 3658 quorum
1351 3583 1556 3635 curae
1602 3567 1674 3633 et
1724 3556 2068 3656 indefesso
2115 3557 2333 3632 labori
2382 3568 2453 3633 et
2491 3557 2623 3633 hoc
2672 3556 3011 3632 debemus
3030 3616 3050 3646 ,
3101 3557 3289 3657 quod
3328 3557 3535 3632 aedes
3568 3558 3727 3634 illae
3746 3619 3765 3650 ,

729 3679 800 3754 in
851 3679 1112 3779 quibus
1152 3679 1586 3754 Bibliotheca
1630 3677 2047 3752 Academica
2101 3684 2451 3765 servatur,
2518 3678 2802 3752 tandem
2862 3677 3235 3776 aliquando
3296 3686 3577 3776 coeptae
3627 3679 3769 3755 sint

729 3799 1116 3874 instaurari.
1169 3799 1328 3874 Nisi
1365 3799 1600 3875 omnia
1631 3823 1744 3872 me
1782 3796 2073 3886 fallunt,
2111 3823 2193 3873 ea
2228 3797 2637 3873 instauratio
2658 3856 2677 3887 ‚
2702 3797 2903 3872 cuius
2922 3798 3216 3872 formam
3248 3805 3365 3884 tu,
3412 3797 3519 3871 Ol.
3543 3820 3761 3874 rnor-

731 3941 910 3994 onas
933 3977 952 4008 ‚
1018 3919 1463 4020 excogitasti,
1498 3917 1872 3998 ,commissa
1913 3925 2020 3992 est
2058 3917 2190 3992 civi
2237 3927 2473 3993 nostro
2520 3936 2837 4006 senaar,
2888 3915 3257 3991 architecto
3302 3916 3720 4016 peritissimo
3738 3978 3759 4010 ‚

731 4039 851 4114 sed
915 4039 1018 4114 ita
1085 4046 1166 4113 ut
1225 4045 1350 4112 tuo
1413 4037 1696 4114 consilio
1751 4063 1832 4112 ac
1893 4038 2114 4112 ductu
2170 4062 2350 4137 opus
2412 4037 2824 4136 perficiatur.
2927 4037 3131 4114 Quae
3176 4051 3287 4111 res
3332 4037 3499 4112 satis
3541 4036 3756 4114 fidem

728 4157 890 4234 facit
929 4157 1073 4234 fore
1117 4165 1196 4233 ut
1231 4158 1406 4233 nihil
1445 4183 1586 4233 non
1631 4150 2044 4257 respondeat
2086 4157 2312 4232 iustae
2354 4157 2665 4231 omnium
2712 4157 3227 4255 exspectationi.

823 4279 1407 4379 Quandoquidem
1472 4279 1752 4356 Rectori
1809 4277 2187 4378 Magnifico
2245 4278 2728 4378 magistratum
2781 4277 3179 4377 depositum
3230 4302 3317 4352 ex
3363 4278 3515 4378 lege
3561 4303 3754 4354 man-

730 4397 968 4473 datum
1011 4405 1116 4472 est
1135 4455 1156 4486 ,
1203 4422 1583 4473 memorare
1626 4422 1804 4497 quae
1843 4397 2154 4498 proxime
2195 4397 2268 4472 in
2315 4397 2523 4472 rebus
2566 4396 2977 4474 academicis
3018 4397 3416 4474 acciderunt
3457 4418 3757 4474 comme·

729 4518 1102 4594 moratione
1145 4517 1359 4619 digna
1379 4577 1400 4607 ‚
1449 4519 1643 4594 nefas
1691 4517 1781 4593 sit
1837 4517 2111 4594 silentio
2153 4516 2521 4618 praeterire
2557 4542 2701 4592 rem
2721 4575 2741 4604 ,
2793 4541 2970 4616 quae
3022 4524 3185 4594 ante
3231 4518 3496 4619 aliquot
3538 4542 3757 4593 annos

729 4638 1002 4715 credita
1045 4637 1290 4714 fuisset
1354 4638 1637 4714 omnino
1706 4663 1846 4712 non
1923 4638 2231 4738 potuisse
2300 4637 2470 4712 fieri.
2590 4635 2750 4711 Hos·
2814 4636 3070 4712 scilicet
3088 4695 3109 4726 ‚
3186 4660 3363 4736 quos
3428 4638 3761 4738 Iaponiae

728 4757 1108 4860 Imperator
1175 4760 1438 4859 legatos
1497 4757 1726 4845 misit,
1797 4757 1848 4830 ii
1915 4756 2362 4832 Academiam
2415 4778 2691 4854 quoque
2744 4762 3047 4830 nostram
3098 4753 3245 4829 suis
3302 4754 3527 4829 verbis
3573 4755 3753 4829 salu-

645 4879 653 4884 .
3312 4877 3363 4947 4
3376 4873 3419 4920 ἱ
