4728 5991
1124 619 1252 684 126
2301 613 2383 682 G.
2452 613 2991 696 1.1.0an

1125 825 1266 900 siae
1305 825 1712 900 reformatae
1759 823 2012 898 vindex
2055 847 2138 898 ac
2185 823 2552 922 patronus!
2622 822 2785 896 Non
2834 821 3109 896 mobilis
3130 877 3152 909 ‚
3202 829 3285 894 ut
3330 819 3486 908 ille,
3532 821 3657 896 sed
3704 821 4162 922 tranquillus;

1121 970 1260 1020 non
1325 945 1582 1034 alacer,
1658 944 1778 1018 sed
1851 943 2136 1018 sedatus
2152 977 2172 1031 3
2247 966 2389 1016 non
2450 942 2684 1018 hilaris
2707 1001 2729 1032 ‚
2796 943 2921 1017 sed
2972 941 3345 1016 adductus.
3448 941 3597 1016 Nec
3644 941 3879 1016 minus
3930 948 4163 1016 tamen

1117 1071 1366 1140 acutus
1430 1073 1504 1138 et
1570 1062 1928 1162 perspicax
1999 1069 2070 1136 et
2139 1061 2521 1136 laboriosus
2544 1117 2565 1150 ,
2638 1069 2711 1135 et
2780 1083 2939 1135 vero
3004 1061 3311 1159 prudens
3370 1069 3443 1135 et
3492 1085 3799 1160 aequus,
3870 1060 4033 1160 pius
4086 1081 4167 1138 ae

1115 1184 1510 1260 benevolus.
1611 1181 2118 1257 Amstelodami
2165 1188 2375 1256 natus
2416 1189 2489 1254 et
2530 1181 2847 1256 eruditus
2867 1239 2887 1270 ,
2942 1180 3249 1279 primum
3304 1181 3379 1254 in
3434 1181 3687 1255 illustri
3707 1240 3727 1270 ‚
3780 1181 3974 1280 quod
4022 1203 4167 1254 me-

1115 1304 1412 1403 tropolin
1461 1311 1661 1377 ornat
1679 1361 1700 1390 ,
1766 1301 2128 1376 Athenaeo
2177 1301 2425 1375 litteris
2470 1325 2634 1375 cum
2686 1301 2949 1400 graecis
2999 1299 3371 1400 latinisque
3394 1360 3414 1390 ‚
3466 1309 3619 1376 tum
3672 1301 3885 1376 etiam
3938 1299 4165 1375 orien-

1114 1423 1371 1498 talibus
1440 1448 1720 1522 operam
1797 1421 2034 1510 dedit,
2107 1421 2178 1494 in
2243 1421 2352 1495 his
2420 1421 2701 1520 quidem
2776 1443 3121 1496 wimaro
3140 1479 3160 1510 ,
3234 1421 3309 1494 in
3376 1419 3511 1494 illis
3584 1445 3741 1495 vero
3798 1441 4167 1496 nanneno

1113 1545 1516 1645 praesertim
1571 1567 1746 1618 usus
1797 1541 2154 1640 magistre.
2253 1541 2531 1616 Deinde
2584 1541 2967 1640 theologiae
3015 1565 3227 1616 causa
3276 1540 3487 1616 buius
3535 1539 3957 1616 Academiae
4004 1539 4169 1615 civi-

1115 1663 1251 1738 bus
1317 1663 1708 1763 adscriptus
1730 1722 1752 1752 ,
1819 1662 2227 1760 Heringana
2287 1661 2589 1735 maxime
2658 1661 3023 1761 disciplina
3090 1661 3299 1736 sacris
3373 1661 3685 1736 initiatus
3728 1669 3801 1735 et
3846 1661 3939 1736 ad
3984 1661 4165 1736 anti-

1115 1784 1298 1859 stitis
1375 1807 1637 1858 munus
1717 1783 1846 1856 rite
1913 1791 2359 1880 praeparatus
2426 1789 2553 1856 est.
2660 1784 2823 1860 Quo
2872 1805 3091 1880 quum
3136 1781 3413 1856 duobus
3460 1782 3535 1855 in
3588 1781 3787 1881 pagis
3835 1781 4163 1884 Traiecti-

1113 1905 1226 1979 nis
1269 1905 1368 1997 ⁰⁸)
1436 1903 1666 1993 omni,
1733 1925 1874 2002 qua
1919 1909 2194 2001 posset,
2259 1902 2589 2001 religione
2638 1901 3049 2000 perfunctus
3098 1909 3325 1990 esset,
3377 1901 3682 2002 primum
3733 1901 4159 1989 Alcmaeo,

1117 2025 1370 2099 deinde
1415 2024 1489 2098 in
1532 2023 1661 2098 bac
1703 2023 1858 2122 ipsa
1907 2022 2182 2096 civitate
2201 2079 2221 2110 ,
2275 2029 2541 2120 septem
2586 2021 2849 2095 scilicet
2894 2042 3113 2094 annos
3160 2019 3235 2092 in
3288 2019 3585 2118 singulis
3605 2077 3625 2108 ,
3676 2019 3907 2093 coetui
3954 2019 4163 2092 refor-

1113 2151 1306 2219 mato
1358 2143 1659 2218 disertus
1711 2149 1784 2217 et
1829 2165 1988 2216 vero
2031 2140 2413 2215 fidissimus
2450 2141 2841 2214 divinorum
2884 2139 3023 2214 fuit
3056 2140 3491 2216 oraculorum
3530 2139 3892 2237 interpres.
3956 2139 4165 2212 Anno

1113 2264 1326 2340 huius
1374 2264 1632 2338 saeculi
1681 2261 2028 2337 tricesimo
2083 2269 2279 2336 sexto
2299 2319 2319 2348 ,
2372 2283 2705 2335 unarum
2728 2316 2749 2349 ,
2800 2260 2945 2334 viro
2988 2259 3369 2336 clarissimo
3391 2318 3411 2349 ,
3462 2258 3639 2333 rude
3690 2257 3953 2332 donato
3972 2315 3993 2346 ,
4041 2279 4163 2331 ne-

1112 2383 1302 2462 mine
1371 2407 1508 2458 non
1577 2383 1998 2482 suffragante
2018 2441 2038 2471 ‚
2111 2381 2529 2480 Theologiae
2592 2379 2953 2454 Pr0fessor
3020 2387 3293 2454 creatus
3349 2388 3475 2455 est.
3581 2380 3819 2456 Quam
3876 2377 4161 2476 quidem

1110 2505 1530 2605 provinciam
1553 2562 1573 2593 ,
1625 2503 1712 2578 de
1759 2502 1904 2577 suis
1954 2502 2108 2602 ipse
2154 2501 2417 2576 viribus
2470 2501 2790 2575 diffidens
2813 2559 2833 2590 ,
2885 2501 3077 2575 haud
3128 2499 3277 2574 sine
3322 2497 3773 2574 haesitatione
3820 2497 4159 2597 suscepit,

1111 2633 1504 2726 susceptam
1586 2631 1824 2699 autem
1843 2681 1863 2712 ,
1945 2621 2364 2698 valetudinis
2440 2620 2601 2696 licet
2674 2621 3077 2696 infirmitate
3158 2643 3665 2718 nonnunquam
3746 2617 4123 2718 impeditus
4140 2675 4160 2705 ‚

1109 2747 1420 2846 quinque
1489 2752 1560 2819 et
1629 2744 1818 2842 quod
1867 2741 2166 2817 excurrit
2216 2741 2433 2816 lustra
2478 2767 2633 2817 vere
2680 2741 2969 2817 ornavit.
3071 2743 3311 2839 Atque
3358 2737 3527 2816 haec
3570 2739 3859 2838 quidem
3909 2739 4005 2812 de
4048 2761 4163 2811 ex-

1107 2866 1346 2940 ternis.
1447 2863 1868 2937 Interiorum
1927 2860 2428 2960 expositionem
2480 2885 2523 2936 a
2577 2859 2844 2936 medico
2887 2861 3293 2962 theologicis
3346 2860 3421 2935 in
3469 2859 3696 2936 causis
3742 2885 3883 2934 non
3930 2859 4161 2935 admo·

1112 2985 1286 3059 dum
1347 2989 1616 3059 versato
1674 2982 1786 3057 vix
1842 3008 1922 3057 ac
1979 3008 2068 3057 ne
2117 2979 2232 3055 vix
2283 2980 2567 3080 quidem
2620 2981 3177 3082 exspectaveritis
3202 3040 3223 3071 ,
3273 2979 3690 3057 Auditores!
3774 2980 3885 3053 De
3935 2977 4124 3053 libris
4143 3036 4165 3069 ,

1112 3128 1290 3203 quos
1355 3102 1578 3178 edidit
1644 3123 1950 3177 vmxms
2012 3109 2246 3177 noster
2263 3158 2284 3190 ,
2351 3124 2522 3177 cum
2584 3102 2877 3177 eruditis
2900 3160 2921 3191 ,
2972 3109 3125 3177 tum
3174 3100 3663 3202 popularibus,
3715 3100 3808 3175 ad
3852 3122 4163 3174 commu-

1113 3248 1276 3298 nem
1323 3222 1639 3297 omnium
1693 3233 1976 3322 captum
2023 3222 2559 3297 accommodatis
2582 3280 2601 3312 ,
2656 3244 2799 3297 'rna
2846 3246 3173 3297 numus
3220 3219 3849 3297 aestumatissimus
3896 3220 4165 3294 concise

1112 3366 1338 3444 nuper
1355 3402 1375 3431 ,
1445 3366 1573 3417 nee
1648 3342 1880 3416 minus
1944 3350 2183 3417 ornate
2247 3342 2542 3441 scripsit.
2596 3340 2695 3435 ’9)
2800 3340 3091 3443 Scripsit
3141 3342 3353 3417 etiam
3406 3342 3495 3417 de
3552 3342 3701 3416 loco
3718 3399 3738 3430 ,
3786 3340 4165 3415 maximam

1111 3470 1382 3563 partem
1451 3462 1860 3561 Heringano
1882 3520 1902 3550 ‚
1973 3486 2184 3561 quem
2257 3460 2440 3536 inter
2500 3462 2859 3561 theologos
2928 3462 3268 3537 stabiliter
3330 3460 3713 3560 occupavit.
3818 3460 4166 3537 Laudavit

1112 3582 1482 3659 amabilem
1551 3582 1776 3682 ipsius
1839 3582 2276 3657 tolerantiam
2343 3588 2556 3681 atque
2624 3582 3167 3657 moderationem
3188 3641 3208 3671 ‚
3278 3582 3609 3657 acerrima
3686 3580 4163 3680 theologorum

1109 3726 1352 3803 pugna
1419 3726 1786 3801 nunquam
1841 3710 1964 3777 aut
2029 3704 2142 3776 vix
2201 3726 2513 3801 unquam
2568 3702 3065 3802 perturbatam.
3170 3705 3405 3782 Quam
3466 3700 3756 3799 quidem
3801 3700 3895 3775 ob
3950 3699 4167 3775 animi

1112 3824 1513 3923 temperiem
1565 3822 1892 3899 eeclesiae
1936 3824 2344 3898 reformatae
2392 3845 2529 3897 non
2580 3824 2761 3897 malo
2783 3882 2803 3912 ‚
2851 3820 2975 3896 sed
3018 3823 3252 3921 potius
3296 3822 3769 3897 emolumento
3818 3820 4165 3919 salutique

1111 3942 1324 4017 fixisse
1375 3944 1637 4031 virum,
1689 3966 1900 4041 quem
1947 3942 2354 4042 elugemus,
2406 3951 2717 4018 extrema
2767 3944 3193 4043 fugientem,
3244 3950 3635 4042 augurante
3684 3964 3829 4017 rna
3878 3962 4163 4015 numo

1118 4071 1351 4135 nostro
1370 4116 1389 4149 ,
1459 4063 1722 4161 posteri
1781 4062 2216 4139 iudicabunt.
2317 4062 2479 4137 Non
2556 4070 2663 4135 est
2681 4120 2701 4151 ,
2770 4062 2960 4161 quod
3014 4063 3419 4139 dissentiam
3439 4122 3459 4153 ,
3512 4060 3929 4137 Auditoresl
4012 4064 4163 4135 Imo

1055 4241 1060 4250 .
1121 4204 1280 4253 vem
1323 4180 1452 4254 hoe
1497 4182 1750 4255 addere
1791 4182 2054 4255 ausim:
2107 4181 2451 4281 siquando
2496 4180 2917 4257 deferbuerit
2962 4179 3063 4257 ira
3081 4241 3101 4272 ,
3152 4208 3293 4281 qua
3340 4183 3595 4257 mentis
3636 4180 4165 4281 praestringitur

1119 4298 1338 4387 acies;
1391 4298 1516 4371 ubi
1565 4298 1832 4397 placato
1853 4357 1875 4388 ‚
1923 4324 2066 4397 quo
2115 4300 2321 4374 multi
2363 4300 2697 4399 flagrant,
2746 4301 3291 4377 adversariorum
3336 4302 3540 4391 odi03
3592 4301 3717 4375 ubi
3765 4300 4161 4401 compositis

1116 4418 1334 4518 igitur
1411 4417 1772 4492 affectibus
1792 4476 1812 4505 ,
1889 4418 1978 4491 de
2061 4417 2222 4493 solis
2295 4419 2507 4494 rebus
2528 4474 2549 4507 ,
2622 4444 2759 4495 non
2834 4421 3134 4521 amplius
3210 4422 3301 4496 de
3370 4445 3602 4497 rerum
3686 4420 4161 4495 defensoribus

1117 4538 1474 4637 disputare
1531 4537 1914 4637 coeperint,
1983 4537 2199 4637 idque
2243 4562 2383 4613 non
2430 4541 2739 4615 animose
2761 4598 2781 4629 ,
2848 4542 2973 4616 sed
3030 4542 3298 4631 sedate;
3358 4566 3496 4617 non
3548 4566 3591 4615 e
3640 4538 4165 4640 praeiudicatis,

1115 4657 1238 4731 sed
1307 4656 1568 4746 libere;
1635 4680 1774 4733 non
1829 4658 2112 4733 confuse
2133 4714 2154 4749 ,
2211 4661 2333 4735 sed
2384 4662 2703 4737 ordinate
2757 4668 2967 4760 atque
3012 4670 3213 4739 acute
3236 4722 3257 4753 ,
3306 4663 3527 4737 maior
3574 4661 3783 4736 etiam
3830 4686 4044 4760 quam
4083 4661 4158 4734 in

1112 4779 1652 4875 praesentiarum
1721 4778 2108 4855 Vinkianae
2173 4776 2576 4883 disciplinae
2634 4782 2847 4857 tribui
2919 4784 3174 4881 poterit
3242 4784 3633 4859 auctoritas.
3735 4782 3891 4881 Ego
3932 4782 4115 4857 certe
4133 4838 4153 4867 ,
