4728 5991
1845 616 2405 686 ORATIO.
3519 620 3647 686 117

607 836 815 916 sunt,
882 827 1021 902 nisi
1084 850 1363 925 prorsus
1410 824 1817 903 abiiciamus
1871 848 2173 901 nansnn
2223 825 2624 901 memoriam
2648 883 2669 915 ,
2719 826 3142 901 medicorum
3191 828 3398 903 etiam
3444 852 3654 904 causa

604 945 943 1023 vindicari
991 946 1253 1021 debent
1300 956 1411 1035 et,
1462 954 1805 1044 quantum
1854 969 2032 1045 opus
2080 953 2226 1033 est,
2276 946 2540 1045 augeri.

704 1068 925 1143 Multi
974 1076 1140 1142 sunt
1176 1067 1251 1140 in
1292 1065 1517 1164 patria
1555 1072 1793 1139 nostra
1814 1121 1835 1152 ‚
1904 1064 2029 1163 qui
2074 1065 2392 1140 sordidae
2443 1064 2900 1164 parsimoniae
2946 1090 3154 1141 causa
3206 1091 3330 1165 pro
3383 1067 3651 1158 tribus,

606 1212 791 1287 quae
856 1186 1203 1285 hodieque
1268 1186 1557 1273 florent,
1640 1184 2201 1259 universitatibus
2276 1209 2485 1259 unam
2547 1186 2755 1260 modo
2823 1186 3225 1261 servandam
3289 1210 3438 1261 esse
3491 1212 3650 1261 cen-

610 1314 810 1384 seant
858 1330 1192 1405 eamque,
1236 1304 1297 1379 si
1327 1328 1439 1378 res
1488 1305 1590 1378 ita
1632 1304 1844 1391 ferat,
1882 1303 2199 1378 nonnihil
2250 1305 2827 1403 amplificandam.
2928 1306 3110 1392 Alii,
3163 1306 3478 1382 liberales
3513 1308 3654 1399 illi,

611 1451 789 1527 quos
829 1426 1013 1499 inter
1054 1448 1311 1523 magna
1360 1423 1711 1499 doctrinae
1750 1423 1955 1498 laude
2000 1423 2354 1522 conspicui
2373 1482 2392 1513 ‚
2444 1424 3006 1524 quandoquidem
3050 1426 3243 1500 nulla
3285 1451 3442 1525 spes
3485 1428 3657 1527 ipsis

612 1572 765 1623 esse
834 1544 1105 1619 videtur
1170 1543 1353 1631 fore,
1406 1550 1489 1617 ut
1533 1543 1844 1642 singulae
1865 1602 1886 1632 ,
1937 1568 2116 1643 quae
2162 1552 2476 1633 exstant,
2526 1544 2944 1619 Academiae
2991 1570 3152 1619 cum
3195 1570 3488 1622 numero
3533 1547 3655 1622 do·

614 1674 885 1743 ctorum
910 1722 932 1753 ,
1006 1672 1161 1738 tum
1228 1663 1437 1738 etiam
1516 1663 1715 1737 variis
1789 1664 2175 1738 studiorum
2249 1664 2608 1762 praesidiis
2661 1665 2760 1739 ita
2789 1673 3237 1764 augeantur,
3313 1675 3390 1740 ut
3449 1688 3658 1741 suum

613 1786 807 1887 ipsae
876 1783 1219 1858 vindicare
1282 1782 1609 1857 honorem
1631 1840 1653 1870 ,
1726 1782 2022 1857 civitatis
2093 1808 2490 1882 promovere
2559 1784 2855 1859 salutem
2939 1794 3010 1858 et
3083 1809 3238 1859 vero
3311 1786 3660 1860 doctrinas

614 1915 940 2005 artesque
1010 1904 1351 2002 ingenuas
1420 1903 1645 2001 magis
1708 1901 2071 2000 magisque
2130 1902 2500 2000 provehere
2545 1904 2856 2001 possint,
2917 1913 3055 1977 tres
3093 1904 3245 1978 illas
3293 1906 3663 1979 Musarum

616 2026 819 2101 sedes
847 2022 1369 2121 coniungendas
1410 2045 1563 2095 esse
1604 2020 2003 2095 existimant
2042 2032 2113 2094 et
2156 2020 2227 2095 in
2265 2045 2486 2095 unum
2512 2024 2771 2120 patriae
2802 2023 3029 2097 locum
3057 2024 3269 2098 veluti
3295 2024 3661 2123 cogendas.

616 2143 1012 2245 Equidem,
1082 2140 1499 2228 Auditores,
1566 2138 1883 2239 quamvis
1948 2139 2137 2213 haud
2212 2139 2543 2226 diffitear,
2613 2140 2998 2219 liberalium
3057 2142 3232 2217 illud
3300 2143 3663 2217 consilium

620 2264 875 2340 habere
952 2288 1093 2361 quo
1166 2285 1315 2335 sese
1384 2260 1861 2348 commendet,
1922 2258 2241 2357 pluribus
2307 2268 2538 2333 tamen
2596 2260 2684 2334 de
2737 2262 2964 2335 causis
3013 2262 3464 2337 reiiciendum
3516 2286 3667 2337 esse

621 2384 935 2460 arbitror.
1036 2383 1293 2456 Missas
1338 2380 1513 2455 facio
1556 2389 1815 2454 ceteras
1834 2437 1855 2467 ,
1906 2379 1994 2453 ab
2040 2387 2454 2477 argumento
2493 2388 2726 2453 nostro
2766 2382 2988 2479 magis
3031 2381 3346 2455 minusve
3385 2381 3664 2458 alienas.

624 2505 783 2579 Hoc
830 2526 1051 2578 unum
1098 2499 1476 2588 contendo,
1526 2499 1661 2573 nisi
1703 2499 1937 2597 plures
1978 2497 2363 2572 habeantur
2409 2498 2865 2586 Academiae,
2918 2500 3254 2575 medicam
3287 2502 3666 2575 institutio-

622 2648 782 2699 nem
854 2622 1059 2721 longe
1125 2620 1361 2695 minus
1428 2619 1855 2693 fructuosam
1919 2617 2063 2692 fore
2130 2640 2341 2716 quam
2407 2618 2479 2690 in
2550 2620 2896 2716 praesenti
2953 2644 3180 2693 rerum
3249 2620 3663 2694 conditione.

626 2744 755 2817 Est
824 2740 995 2815 haec
1066 2740 1395 2814 nimirum
1461 2739 1673 2813 huius
1730 2736 2187 2812 institutionis
2246 2736 2461 2826 ratio,
2531 2743 2612 2811 ut
2632 2796 2652 2825 ,
2703 2738 3122 2813 increscente
3173 2738 3669 2838 discipulorum

628 2886 917 2937 numero
940 2918 959 2949 ,
1035 2860 1435 2935 decrescant
1510 2858 1969 2933 institutionis
2036 2856 2323 2931 fructus.
2451 2858 2949 2957 Metaphysicis
2969 2917 2988 2948 ,
3057 2858 3396 2934 historicis
3415 2918 3436 2949 ,
3496 2860 3666 2957 poli-

628 2983 781 3058 ticis
852 2979 1141 3068 scholis,
1213 2988 1319 3054 ut·
1373 2978 1543 3054 alias
1622 2986 1921 3067 taceam,
2002 2977 2145 3053 sive
2209 2977 2447 3054 decem
2517 2978 2877 3068 intersint,
2947 2979 3090 3055 sive
3155 2989 3435 3056 centum
3459 3039 3478 3070 ,
3531 2980 3672 3056 sive

628 3103 867 3204 plures
914 3101 1122 3176 etiam
1170 3099 1519 3176 auditores
1540 3157 1559 3188 ,
1622 3099 1713 3175 ad
1768 3099 2199 3198 singulorum
2248 3122 2656 3201 progressus
2700 3099 2874 3173 nihil
2927 3099 3112 3174 facit.
3212 3101 3419 3175 Alius
3471 3101 3674 3199 longe

630 3229 921 3298 naturae
986 3227 1058 3294 et
1120 3218 1426 3294 medicae
1502 3227 1671 3293 sunt
1739 3242 2057 3317 quaeque
2103 3218 2192 3293 ad
2245 3217 2662 3294 medicinam
2715 3230 3167 3318 praeparant,
3218 3221 3444 3296 latiori
3493 3221 3676 3296 vocis

631 3339 1132 3442 significatione
1187 3337 1509 3438 physicae
1562 3348 2022 3437 nuncupatae.
2145 3338 2229 3411 In
2288 3337 2396 3411 his
2453 3339 2636 3412 enim
2699 3364 2837 3413 non
2891 3347 3164 3415 tantum
3220 3342 3461 3416 audire
3481 3399 3500 3430 ,
3553 3341 3678 3416 sed

631 3463 841 3538 etiam
908 3458 1203 3545 intueri,
1276 3458 1398 3532 sed
1458 3457 1819 3532 observare
1841 3517 1861 3546 ,
1913 3481 2053 3532 non
2112 3456 2414 3532 assidere
2469 3459 2676 3532 modo
2696 3517 2715 3547 ,
2768 3460 2892 3533 sed
2943 3485 3147 3560 agere
3165 3518 3186 3548 ,
3239 3462 3361 3535 sed
3415 3461 3680 3559 operari

634 3581 895 3656 debent
958 3577 1299 3676 discipuli.
1402 3578 1616 3656 Quod
1660 3603 1823 3652 cum
1870 3585 1940 3652 et
1994 3578 2295 3678 spatium
2346 3578 2653 3680 requirat
2707 3589 2778 3652 et
2834 3581 3090 3654 variam
3139 3581 3632 3678 supellectilem
3656 3636 3678 3667 ,

634 3707 1048 3801 apparatus,
1110 3696 1613 3786 instrumenta,
1680 3708 1967 3780 naturae
2028 3696 2404 3796 producta,
2471 3723 2610 3796 quo
2667 3699 2882 3772 maior
2927 3699 3392 3772 studiosorum
3436 3721 3680 3771 nume-

634 3845 757 3896 rus
779 3877 801 3907 ,
876 3841 960 3892 eo
1029 3817 1253 3890 minor
1324 3816 1455 3891 erit
1527 3816 2009 3915 opportunitas
2073 3816 2405 3890 discendi.
2506 3818 2605 3891 At
2655 3817 2815 3891 huic
2856 3818 3292 3890 incommodo
3334 3817 3422 3891 de
3471 3816 3681 3889 refor-

638 3947 987 4014 matorum
1036 3936 1379 4010 sententia
1431 3935 1781 4010 subveniri
1832 3935 2105 4033 poterit.
2212 3932 2826 4013 Quemadmodum
2877 3932 3218 4006 auditoria
3237 3991 3257 4023 ,
3327 3933 3424 4008 sic
3470 3933 3682 4008 etiam

639 4055 1051 4135 laboratoris
1119 4063 1191 4130 et
1254 4055 1763 4154 amphitheatra
1824 4063 1895 4128 et
1941 4055 2077 4130 alia
2121 4077 2580 4152 quaecunque
2629 4053 2776 4127 loca
2823 4053 3244 4128 institutioni
3297 4053 3640 4131 destinata
3661 4112 3682 4144 ‚

642 4178 741 4252 sic
812 4183 1185 4275 apparatus
1248 4181 1320 4248 et
1380 4175 1835 4262 adminicula,
1886 4174 1983 4248 sic
2029 4173 2496 4248 observandae
2541 4183 2614 4246 et
2663 4174 2842 4248 varie
2884 4175 3279 4249 tractandae
3321 4173 3685 4263 materies,

641 4296 903 4372 fossilis
926 4352 948 4382 ,
1006 4293 1283 4392 plantae
1302 4352 1323 4382 ,
1390 4293 1713 4369 animalia
1758 4291 2175 4368 discentium
2228 4315 2521 4368 numero
2563 4293 3064 4368 accommodari
3111 4303 3424 4392 possunt.
3517 4293 3686 4368 Pos-

646 4429 848 4503 sunt,
910 4413 1285 4488 Auditores
1304 4447 1323 4503 3
1392 4415 1481 4488 de
1528 4414 1770 4490 multis
1822 4414 1971 4511 ipse
2020 4413 2305 4488 affirmo.
2405 4413 2544 4486 Sed
2595 4413 2788 4488 aliud
2830 4413 3002 4511 quid
3053 4423 3158 4488 est
3209 4438 3453 4512 posse,
3498 4411 3690 4487 aliud

642 4536 967 4610 futurum
1032 4557 1204 4610 esse.
1306 4533 1681 4609 Confidant
1729 4533 2206 4606 reformatores
2226 4591 2247 4622 ,
2312 4541 2578 4608 tantam
2626 4533 2699 4606 in
2755 4541 3109 4632 posterum
3151 4533 3294 4608 fore
3341 4531 3690 4631 publicam

646 4653 1161 4729 institutionem
1222 4655 1617 4730 curantium
1670 4653 2148 4728 liberalitatem
2173 4711 2193 4740 ,
2260 4661 2343 4728 ut
2405 4653 2810 4728 desideratis
2859 4651 3187 4727 continuo
3230 4649 3647 4750 prospiciant
3670 4707 3691 4736 ,

650 4773 985 4874 equidem
1026 4795 1164 4846 non
1206 4773 1478 4848 confido
1530 4772 1840 4871 adeoque
1893 4778 2079 4846 certa
2120 4797 2246 4870 pro
2288 4771 2570 4848 incertis
2609 4798 2758 4848 esse
2799 4772 3138 4848 sumenda
3177 4765 3446 4846 statum
3479 4768 3696 4848 Quod
