4728 5991
1142 1303 1609 1366 ACADEMIAE
1652 1300 2245 1364 GBONINGANAE
2286 1301 2785 1380 CURATORES,
2833 1304 3402 1381 PROFESSOBES,
3458 1308 3704 1370 clvns.

1140 1428 1711 1493 CUIUSwNQUE
1751 1427 2081 1489 OBDINIS
2118 1427 2222 1488 m*
2260 1425 2480 1503 LOCI,
2522 1429 2975 1491 AUDI'I'ORES
3013 1430 3621 1494 SPEC'I'ATISSIMI.

750 1833 1166 1912 Primarium
1235 1835 1467 1912 locum
1529 1834 1710 1910 inter
1774 1833 1955 1909 viros
2022 1834 2111 1908 de
2180 1832 2558 1934 Theologia
2631 1833 3024 1910 Christiana
3087 1836 3350 1936 optime
3419 1837 3700 1915 meritos

662 1963 998 2054 occupant
1057 1957 1297 2056 procul
1357 1953 1575 2030 dubio
1618 1955 1861 2030 Patres
1902 1952 2385 2030 Ecclesiastici.
2487 1955 2628 2029 Eos
2673 1953 2986 2054 intelligo
3041 1955 3255 2044 viros,
3307 1956 3431 2056 qui
3474 1958 3702 2058 proxi-

662 2075 789 2150 mis
864 2083 1025 2176 post
1099 2099 1347 2152 aevum
1418 2075 1901 2175 Apostolicum
1968 2073 2261 2150 saeculis
2325 2098 2551 2174 usque
2619 2073 2710 2148 ad
2769 2075 3123 2150 saeculum
3185 2084 3460 2153 nostrae
3509 2103 3706 2155 aerae

665 2202 935 2270 sextum
998 2195 1549 2272 Christianorum
1601 2195 1887 2272 fuerunt
1931 2194 2181 2285 duces,
2238 2201 2311 2268 et
2362 2193 2674 2294 scriptis,
2741 2220 2922 2294 quae
2967 2196 3398 2296 reliquerunt
3416 2256 3437 2288 ,
3496 2198 3708 2276 incla-

666 2321 969 2390 ruerunt.
1068 2313 1450 2416 Vulgarem
1512 2315 1642 2390 hac
1695 2315 1769 2390 in
1817 2340 1893 2391 re
1946 2339 2199 2414 sequor
2249 2313 2582 2414 loquendi
2635 2337 2842 2388 usum
2863 2374 2884 2404 ,
2941 2339 3158 2416 penes
3211 2341 3424 2416 quem
3477 2326 3586 2394 est
3639 2327 3713 2394 et

660 2433 765 2510 ius
806 2441 879 2510 et
918 2457 1161 2511 norma
1206 2434 1503 2512 dicendi.
1626 2437 2077 2536 Quamquam
2126 2434 2315 2510 enim
2369 2459 2412 2510 a
2459 2434 3186 2510 Romano-Catholicis
3230 2437 3710 2537 contenditur,

662 2555 929 2654 proprie
970 2555 1456 2630 tantummodo
1506 2581 1627 2630 eos
1669 2555 1913 2631 Patres
1954 2555 2287 2632 dicendos
2330 2578 2518 2645 esse,
2573 2579 2808 2654 nquos
2849 2554 3157 2630 Ecclesia
3182 2555 3332 2654 ipsa
3359 2557 3712 2656 probavit,

666 2681 873 2774 atque
930 2675 1229 2752 sinceros
1274 2701 1355 2752 ac
1400 2677 1713 2752 eruditos
1760 2700 1963 2766 suae,
2014 2699 2141 2751 seu
2182 2674 2416 2776 potius
2467 2676 2907 2775 Apostolicae
2957 2683 3026 2750 et
3069 2675 3504 2752 Christianae
3549 2677 3710 2754 doc-

660 2795 875 2870 trinae
940 2803 1155 2870 testcs
1173 2855 1193 2886 ,
1258 2797 1629 2896 magistros
1682 2804 1758 2871 et
1825 2795 2111 2872 iudices
2162 2819 2313 2872 esse
2385 2795 2684 2871 declarat
2701 2797 2772 2886 ,”
2841 2796 3024 2871 inter
3085 2821 3262 2896 quos
3324 2821 3387 2873 V.
3439 2821 3498 2872 c.
3567 2823 3710 2873 non

654 2923 1011 2990 recensent
1071 2939 1685 3008 rna'rtmmANmr,
1745 2939 2190 2993 cnnmnnrnn
2236 2939 2866 3005 amnt-mamma,
2917 2941 3338 3007 omasum,
3387 2940 3706 2992 moran·-

656 3058 878 3127 ·rnm,
927 3060 1299 3114 Bassareu
1322 3096 1341 3127 ,
1396 3047 1787 3139 agnoscunt
1840 3046 2073 3115 tamen
2094 3098 2113 3129 ,
2166 3038 2293 3115 hos
2346 3038 2560 3113 etiam
2611 3047 2686 3113 et
2729 3062 2974 3114 ornnes
3017 3038 3448 3115 Christianos
3494 3040 3704 3141 scrip-

656 3164 875 3248 tores,
942 3158 1067 3258 qui
1129 3159 1442 3235 doctrina
1500 3158 1607 3234 vel
1658 3158 2073 3259 antiquitate
2138 3158 2497 3257 conspicui
2554 3159 2839 3235 fuerunt
2859 3218 2879 3249 ‚
2945 3160 3141 3259 vulqo
3184 3160 3426 3235 Patres
3469 3161 3705 3261 appel-

650 3276 770 3353 lari
790 3337 811 3367 ,
873 3302 1103 3378 neque
1162 3278 1300 3379 ipsi
1354 3279 1427 3353 in
1480 3279 1841 3355 tractanda
1887 3280 2279 3381 Patrologia
2328 3280 2454 3355 hos
2503 3280 2868 3379 scriptores
2915 3280 3190 3355 silentio
3236 3289 3698 3379 praetereunt.

752 3398 987 3477 Quam
1034 3399 1334 3499 plurima
1378 3400 1779 3476 etiamnunc
1820 3410 2193 3500 supersunt
2230 3426 2478 3501 opera,
2528 3426 2572 3475 a
2613 3400 2940 3476 Patribus
2980 3399 3478 3475 Ecclesiasticis
3513 3426 3699 3476 com-

657 3516 919 3617 posita,
985 3502 1249 3618 eaque,
1312 3520 1444 3595 etsi
1503 3546 1644 3595 non
1702 3519 1937 3594 omnia
1989 3518 2233 3594 eodem
2282 3520 2507 3619 pretio
2547 3518 3010 3608 aestimanda,
3062 3518 3470 3618 dignissima
3519 3544 3699 3619 quae

656 3662 697 3713 a
769 3639 1137 3739 Theologis
1202 3640 1527 3741 legantur
1594 3648 1807 3739 atque
1878 3638 2339 3739 explorentur.
2453 3638 3010 3737 Limpidissimoa
3086 3638 3204 3711 illa
3267 3662 3476 3737 opera
3545 3664 3696 3714 esse

649 3758 873 3834 fontes
895 3817 916 3849 ,
982 3784 1021 3834 e
1095 3758 1355 3858 quibus
1424 3760 1727 3861 cognitio
1796 3760 2155 3835 hauriatur
2229 3758 2552 3834 historiae
2625 3758 2971 3833 Ecclesiae
3041 3759 3367 3857 antiquae
3387 3818 3408 3848 ,
3487 3784 3694 3835 nemo

650 3880 917 3954 inficias
978 3879 1131 3956 ibit.
1234 3878 1401 3955 Illos
1464 3882 1645 3956 solos
1691 3904 1819 3955 nos
1864 3904 2021 3955 vera
2063 3880 2309 3955 docere
2360 3902 2602 3979 posse,
2655 3877 2744 3953 de
2792 3878 3036 3967 modo,
3087 3902 3228 3977 quo
3271 3879 3494 3954 multa
3539 3879 3688 3954 illo-

647 4024 803 4075 rum
874 4006 1029 4075 orta
1102 4002 1245 4075 sint
1316 4002 1723 4101 dogmatum
1744 4060 1765 4092 ,
1840 4024 2021 4100 quae
2090 4026 2213 4100 per
2284 4006 2392 4075 tot
2461 4000 2730 4075 saecula
2799 3999 2873 4073 in
2955 3998 3261 4075 Ecclesia
3325 3998 3688 4075 valuerunt

646 4128 978 4220 tanquam
1038 4144 1315 4197 summa
1378 4120 1605 4221 capita
1676 4122 2025 4197 doctrinae
2082 4120 2517 4196 Christianae
2571 4126 2643 4193 et
2712 4118 3079 4219 purissima
3133 4121 3466 4219 expositio
3493 4102 3687 4197 sveri-

648 4241 811 4316 tatis
868 4242 1266 4343 religiosae,
1316 4268 1523 4318 nemo
1580 4242 1883 4343 negabit.
1984 4242 2329 4341 Perquam
2379 4240 2579 4315 utilia
2627 4266 2777 4315 esse
2824 4240 2942 4314 illa
2985 4240 3238 4339 scripta
3279 4242 3372 4317 ad
3415 4250 3688 4317 textum
3793 4304 3804 4315 .

648 4360 978 4438 librorum
1036 4364 1221 4438 Novi
1284 4362 1751 4454 Testamenti,
1814 4371 2159 4463 quantum
2226 4362 2378 4435 fieri
2445 4370 2712 4461 potest,
2779 4360 2851 4434 in
2914 4358 3266 4460 integrum
3317 4363 3687 4437 restituen-

651 4482 859 4573 dum,
928 4506 1172 4559 omnes
1232 4492 1641 4584 agnoscunt.
1761 4485 2012 4583 Neque
2074 4490 2349 4559 tant-um
2414 4492 2496 4557 ut
2561 4482 2903 4571 sciamuS,
2976 4482 3396 4579 quibusnam
3465 4483 3689 4557 verbis

650 4605 761 4677 usi
824 4603 963 4679 sint
1043 4606 1405 4706 scriptores
1463 4606 1712 4681 horum
1764 4604 2095 4681 librorum
2117 4664 2137 4695 ,
2190 4604 2311 4679 sed
2358 4604 2568 4679 etiam
2621 4612 2703 4679 ut
2751 4601 3246 4703 perspiciamus
3269 4660 3289 4691 ‚
3339 4602 3510 4701 quid
3557 4602 3692 4677 illis

650 4718 874 4800 verbis
945 4725 1333 4825 significare
1398 4726 1779 4815 voluerint,
1846 4726 2131 4801 omnino
2176 4724 2599 4801 consulenda
2647 4732 2813 4799 sunt
2865 4724 3153 4799 Petrum
3205 4722 3474 4821 scripta.
3575 4722 3694 4798 Ad
