4728 5991
1861 584 2421 654 ORATIO.
3543 586 3670 651 221

608 818 893 870 summa
962 793 1342 893 sapientiae
1410 791 1543 867 erit
1604 794 1935 894 magistra
1954 853 1975 883 ,
2050 821 2273 894 quave
2340 795 2510 870 boni
2581 795 2940 870 successus
2998 820 3120 894 spe
3178 795 3250 868 in
3313 801 3668 893 posterum

612 939 937 1014 separare
990 913 1227 990 licebit
1247 973 1267 1002 ,
1319 938 1499 1013 quae
1553 912 1917 1014 hucusque
1972 940 2245 1014 semper
2290 915 2639 989 indivulso
2693 937 2878 988 nexu
2927 915 3296 988 coniuncta
3333 913 3670 988 fuerunt?

606 1034 967 1110 Addenda
1036 1033 1260 1108 habeo
1338 1055 1553 1132 quam
1622 1033 1917 1132 plurima
1934 1067 1954 1122 ς
2032 1035 2154 1110 sed
2225 1034 2366 1110 iam
2435 1034 2602 1108 satis
2675 1057 3022 1132 superque
3091 1033 3264 1108 mihi
3341 1032 3667 1132 probasse

616 1153 899 1241 videor,
949 1153 1483 1252 Scepticismum
1529 1152 1751 1227 multo
1802 1152 2097 1227 maiores
2138 1151 2342 1226 nobis
2395 1175 2632 1250 parere
2680 1159 2892 1250 atque
2940 1152 3328 1249 relinquere
3375 1151 3665 1226 difficul-

614 1281 843 1362 tates,
896 1297 1111 1372 quam
1154 1297 1335 1372 quae
1374 1273 1627 1347 evitare
1664 1273 1803 1346 iam
1840 1272 2139 1346 studeat.
2240 1271 2382 1346 Hic
2415 1270 2754 1370 profecto,
2807 1270 2868 1344 si
2906 1295 3256 1370 unquam,
3309 1294 3442 1344 usu
3480 1271 3667 1345 venit

612 1393 951 1492 praeclari
1004 1393 1435 1492 Apologetae
1486 1401 1972 1492 praeceptum:
2030 1393 2135 1466 nsi
2186 1391 2510 1489 explicari
2563 1416 2702 1466 non
2755 1415 2956 1489 posse
3015 1390 3280 1489 aliquid
3335 1399 3664 1490 apparet,

612 1511 749 1586 nisi
796 1511 1165 1610 hypothesi
1220 1516 1353 1587 una
1402 1512 1707 1587 admissa
1732 1570 1752 1600 ,
1804 1535 1983 1610 quae
2031 1534 2171 1585 non
2218 1520 2495 1585 tantum
2545 1535 2669 1610 per
2714 1535 2786 1584 se
2835 1511 3221 1610 possibilis,
3273 1511 3394 1585 sed
3451 1514 3660 1585 etiam

610 1631 783 1707 alias
849 1632 943 1706 ob
1005 1655 1251 1706 causas
1313 1631 1691 1730 probabilis
1756 1643 1897 1720 est,
1966 1632 2141 1707 hanc
2204 1630 2614 1729 hypothesin
2679 1631 3135 1706 admittamus
3187 1655 3464 1704 necesse
3509 1637 3659 1718 est,

612 1752 752 1826 nisi
814 1753 1213 1852 oppositum
1280 1753 1432 1825 luce
1475 1751 1728 1826 clarius
1780 1751 2175 1850 expositum
2228 1750 2319 1824 sit
2367 1752 2500 1843 ¹).”
2603 1749 2790 1824 Talis
2834 1749 3269 1848 hypothesis,
3323 1749 3412 1824 sit
3464 1749 3660 1824 venia

610 1871 869 1959 verbo,
938 1895 1117 1970 quac
1168 1871 1333 1945 huic
1386 1871 1765 1945 conditioni
1810 1871 2219 1971 respondet,
2272 1869 2632 1970 esbnobis
2674 1869 2797 1957 Id,
2851 1869 3040 1969 quod
3087 1895 3292 1968 supra
3339 1878 3662 1944 naturam

612 1997 921 2066 creatam
980 2001 1126 2077 est,
1190 2014 1333 2090 quo
1390 1990 1649 2065 scilicet
1709 1991 2015 2065 admisso
2037 2049 2058 2080 ,
2120 1992 2353 2066 omnia
2399 1991 2869 2088 explicantur3
2923 2015 3062 2088 quo
3106 1990 3356 2064 reiecto
3376 2048 3396 2079 ,
3445 1989 3660 2087 expli-

612 2110 755 2186 cari
821 2135 961 2184 non
1030 2119 1361 2210 possunt;
1438 2135 1577 2210 quo
1646 2109 1987 2185 vindicato
2010 2169 2029 2198 ,
2104 2111 2242 2185 iam
2292 2113 2376 2184 fit
2437 2121 2514 2185 ut
2559 2113 2870 2185 miraculi
2901 2112 3330 2207 possibilitas
3377 2110 3658 2184 tandem

599 2234 1021 2330 principium
1071 2231 1317 2306 evadat
1368 2231 1854 2327 Philosophiae
1902 2257 2059 2304 vere
2120 2232 2603 2304 Christianae!

711 2349 839 2425 lV.
922 2350 1289 2424 Excusetis
1356 2349 1596 2439 velim,
1670 2349 2047 2425 Auditores
2068 2408 2087 2437 ‚
2160 2350 2219 2424 si
2277 2349 2730 2448 Scepticismo
2797 2349 3166 2422 adversans
3187 2406 3207 2435 ,
3279 2348 3468 2424 vobis
3523 2348 3656 2422 for-

611 2478 797 2544 tasse
870 2469 1167 2544 modum
1240 2469 1567 2544 excedere
1644 2470 1895 2545 videor.
2000 2470 2261 2544 Christi
2328 2469 2567 2557 miles,
2639 2470 2823 2543 hunc
2887 2469 3157 2543 hostem
3201 2468 3612 2566 aggrediens
3637 2525 3658 2557 ,

608 2614 845 2664 revera
912 2597 1187 2689 pugnat
1255 2614 1381 2688 pro
1450 2590 1645 2690 Rege
1665 2649 1686 2678 ,
1757 2589 1947 2689 Lege
2020 2599 2091 2663 et
2156 2591 2408 2688 Grege.
2511 2589 2618 2662 De
2667 2593 2916 2685 fructu
2975 2587 3162 2662 enim
3223 2585 3657 2685 Scepticismi

608 2709 829 2808 ipsius
893 2708 965 2782 in
1037 2733 1159 2808 spe
1226 2733 1469 2784 sumus
1534 2731 1661 2784 nec
1718 2711 1973 2808 magna
1995 2766 2015 2796 ,
2082 2732 2209 2782 nec
2263 2708 2426 2784 ulla,
2528 2707 2692 2782 Non
2746 2705 2938 2805 parvi
2997 2704 3284 2804 quidem
3333 2703 3656 2778 ducimus

610 2829 895 2904 meliora
942 2828 1313 2917 nonnulla,
1366 2853 1545 2928 quae
1567 2887 1587 2917 ,
1638 2829 2039 2902 moderante
2078 2827 2308 2902 divina
2348 2826 2788 2902 Providentia
2815 2883 2836 2915 ,
2886 2823 3333 2922 Scepticismo
3377 2830 3657 2921 accepta

610 2948 977 3049 referenda
1038 2947 1400 3024 habemus.
1500 2948 1793 3047 Optimo
1863 2972 2185 3023 successu
2258 2947 2557 3024 subinde
2605 2945 2966 3046 castigavit
3020 2943 3656 3020 Scholasticismum

614 3069 1085 3168 dogmaticum
1110 3127 1130 3156 ,
1210 3068 1501 3166 eiusque
1572 3078 1903 3167 patronos
1982 3096 2025 3144 a
2096 3094 2337 3143 somno
2414 3076 2852 3167 praematuro
2929 3066 3237 3141 retinuit.
3362 3064 3656 3163 Saepius

618 3212 877 3263 novum
954 3213 1241 3264 examen
1322 3188 1627 3263 veritatis
1706 3187 2138 3263 Christianae
2214 3189 2676 3264 necessarium
2757 3186 3097 3275 reddidit,
3170 3186 3242 3260 in
3320 3208 3658 3283 magnum

616 3308 1019 3408 disciplinae
1065 3317 1335 3383 nostrae
1373 3308 1946 3383 emolumentum.
2014 3310 2210 3389 Quid
2249 3309 2439 3408 quod
2462 3368 2483 3397 ,
2537 3310 2640 3383 uti
2677 3334 2806 3383 suo
2850 3308 2991 3382 iam
3027 3316 3335 3404 tempore
3379 3304 3654 3404 egregie

530 3478 535 3481 -
616 3428 787 3503 vidit
838 3452 1231 3503 pascamus
1250 3486 1269 3515 ,
1332 3436 1651 3503 aeternae
1696 3428 1853 3504 illae
1900 3429 2081 3504 inter
2126 3429 2478 3528 Scepticos
2521 3441 2733 3525 atque
2776 3426 3226 3525 Dogmaticos
3273 3424 3430 3499 lites
3475 3448 3654 3498 sem-

612 3572 735 3645 per
804 3548 893 3622 de
964 3572 1141 3621 novo
1202 3546 1621 3645 probarunt,
1691 3573 1901 3645 quam
1974 3548 2355 3621 necessaria
2405 3544 2939 3621 extraordinaria
2993 3544 3225 3618 divina
3277 3541 3656 3617 Patefactio

616 3665 745 3755 sit,
794 3691 975 3764 quae
1020 3666 1477 3741 imbecillitati
1526 3676 1799 3742 nostrae
1842 3673 2195 3741 succurrat
2236 3666 2693 3763 animumque
2736 3665 3119 3738 humanum
3142 3722 3162 3752 ,
3213 3659 3652 3759 caeteroquin

620 3786 819 3860 variis
886 3786 1341 3861 dubitationis
1412 3787 1743 3861 fluctibus
1804 3787 2007 3885 quasi
2074 3787 2408 3861 iactatum
2432 3844 2453 3873 ,
2517 3786 2608 3859 ad
2662 3782 3148 3859 certitudinem
3194 3778 3652 3877 tranquillita-

616 3913 897 4005 temque
954 3906 1295 3996 adducat,
1362 3932 1571 4005 quam
1626 3908 1794 3983 alibi
1838 3931 2185 4005 nusquam
2232 3905 2556 3979 inveniet.
2658 3903 2855 3977 Haec
2895 3901 3132 3977 omnia
3177 3901 3352 3975 laete
3401 3922 3651 3997 agnos-

614 4026 795 4099 centi
818 4084 839 4113 ,
891 4028 1057 4102 talia
1095 4038 1325 4101 tamen
1374 4026 1596 4101 bonae
1637 4027 1857 4126 frugis
1903 4028 2378 4125 phaenomena
2414 4050 2552 4098 non
2601 4024 2734 4123 ipsi
2780 4022 3230 4122 Scepticismo
3279 4018 3652 4094 tribuenda

614 4168 765 4219 esse
840 4145 1015 4219 mihi
1078 4155 1409 4246 apparet,
1481 4147 1604 4221 sed
1684 4146 2171 4221 saluberrimae
2240 4145 2568 4219 reactioni
2592 4204 2612 4233 ,
2686 4168 2897 4242 quam
2963 4166 3100 4215 non
3160 4140 3456 4216 excitare
3509 4162 3651 4213 non
3745 4230 3752 4237 ι

612 4270 859 4361 potest.
960 4264 1095 4336 Per
1160 4288 1234 4337 se
1298 4262 1485 4337 enim
1560 4264 2031 4339 consideratus
2052 4323 2071 4352 ‚
2146 4263 2640 4363 Scepticismus
2697 4262 2869 4337 mihi
2925 4261 3253 4361 adagium
3300 4258 3654 4333 Biblicum

613 4383 1015 4456 confirmare
1079 4381 1387 4469 videtur,
1462 4383 1553 4457 de
1614 4383 1853 4457 arbore
1922 4383 2180 4457 cariosa
2203 4442 2221 4470 ,
2294 4408 2331 4456 e
2396 4385 2534 4482 qua
2581 4382 2904 4481 pulchros
2947 4382 3216 4456 fructus
3259 4388 3652 4478 exspectare

611 4525 747 4575 non
802 4501 985 4575 licet.
1089 4502 1303 4580 Quod
1354 4504 1683 4578 continuo
1734 4503 1821 4576 de
1872 4504 2170 4601 sceptico
2209 4503 2361 4600 ipso
2414 4501 2886 4577 contenderim
2911 4561 2931 4590 ,
2981 4501 3182 4576 cuius
3237 4498 3476 4575 virtuti
3523 4497 3651 4571 hac

692 4763 743 4842 ¹)
806 4764 1091 4838 Βοιιοειι,
1136 4770 1387 4829 Lem-red.
1432 4772 1494 4842 Ι,
1538 4792 1590 4851 p.
1640 4774 1771 4831 las.
