4728 5991
1089 584 1223 649 124
2270 586 2958 669 G.1.1.0NCQ

1086 791 1437 881 inhaeret,
1482 792 1680 867 cuius
1738 816 2014 883 vocem,
2065 819 2392 894 magnam
2415 853 2436 885 ,
2477 794 2836 868 remissam
2857 852 2878 883 ,
2940 792 3316 867 affectuum
3360 791 3672 866 varietati
3715 817 4133 893 congruam,

1089 910 1485 985 etiamnunc
1531 911 1773 986 audire
1816 913 2017 988 nobis
2064 914 2397 989 videmur.
2500 916 2786 992 Quanta
2825 913 2962 988 fuit
2994 914 3066 987 in
3111 912 3228 987 illo
3275 913 3656 1011 sagacitas,
3703 938 3920 1013 quam
3959 914 4133 989 cele-

1084 1056 1196 1105 res
1258 1032 1520 1131 ingenii
1580 1040 1851 1124 motus,
1918 1034 2076 1133 quis
2122 1034 2324 1109 ardor
2342 1095 2362 1124 ‚
2417 1059 2596 1133 quae
2641 1033 3184 1133 perseverantia!
3268 1033 3427 1105 Non
3481 1032 3741 1107 mirum
3788 1032 4134 1133 profecte,
4193 1058 4198 1063 ·

1086 1150 1295 1223 talem
1364 1158 1778 1251 tantumque
1840 1152 2064 1227 virum
2126 1177 2289 1226 cum
2352 1153 2772 1227 Academiae
2825 1161 3135 1240 nostrae,
3190 1161 3346 1226 tum
3415 1152 3620 1227 etiam
3693 1153 3980 1228 medicis
4030 1154 4134 1230 di-

1089 1270 1396 1368 sciplinis
1474 1280 1545 1345 et
1614 1296 1772 1347 vero
1818 1272 2082 1370 patriae
2129 1273 2488 1347 universae
2535 1274 2919 1373 plurimum
2966 1273 3328 1373 profuisse.
3431 1273 3647 1351 Quod
3693 1298 3858 1347 cum
3905 1274 4136 1349 idonei

1085 1391 1333 1465 harum
1398 1416 1631 1469 rerum
1694 1392 1963 1467 iudices
2008 1392 2106 1484 ⁹²)
2173 1393 2247 1466 in
2329 1393 2889 1482 laudationibus,
2957 1418 3132 1492 quas
3180 1416 3462 1481 omnes,
3519 1392 3768 1481 credo,
3832 1393 4134 1491 legistis,

1083 1511 1287 1609 plene
1330 1512 1820 1610 cumulateque
1864 1511 2347 1611 probaverint,
2393 1515 2718 1613 equidem
2744 1573 2765 1604 ,
2805 1514 3096 1589 ultimus
3134 1521 3494 1614 parentare
3535 1522 3856 1603 coactus,
3897 1516 4137 1615 paucis

1080 1655 1229 1704 rem
1278 1631 1654 1708 absolvam.
4026 1616 4038 1625 ”

1182 1752 1620 1828 Bnnumnm
1694 1778 2051 1829 successor
2111 1761 2480 1830 anatomen
2548 1754 2785 1827 docuit
2835 1762 2906 1827 et
2959 1753 3461 1852 physiologiam
3485 1812 3506 1842 ,
3581 1761 3656 1827 et
3705 1754 3806 1829 ita
3853 1753 4136 1852 quidem

1084 1870 1360 1958 docuit,
1429 1886 1509 1945 ut
1556 1872 1859 1947 multum
1906 1874 2071 1949 inde
2121 1874 2445 1971 discipuli
2491 1899 2652 1947 cum
2702 1873 2791 1947 ad
2837 1874 3101 1974 ingenii
3152 1874 3461 1962 cultum,
3506 1882 3660 1948 tum
3709 1873 3800 1948 ad
3849 1881 4136 1947 naturae

1082 1989 1427 2065 humanae
1500 1992 1859 2067 scientiam
1926 2002 2001 2067 et
2070 2019 2227 2068 vero
2302 1994 2394 2069 ad
2444 1994 2610 2067 artis
2657 1994 3059 2068 exercitium
3107 1994 3538 2093 perceperint
3577 1992 3907 2068 fructum.
4009 1992 4136 2067 Ni-

1083 2110 1340 2183 mirum
1422 2110 1589 2186 haec
1659 2121 1807 2187 erat
1878 2113 2030 2187 eius
2103 2111 2563 2185 institutionis
2634 2112 2810 2186 ratio
2833 2170 2853 2199 ,
2923 2120 3002 2185 ut
3063 2111 3137 2184 in
3206 2110 3581 2210 organismi
3641 2109 4136 2209 compositione

1084 2228 1623 2305 demonstranda
1692 2255 2054 2330 nunquam
2118 2256 2257 2305 non
2325 2229 2417 2305 ad
2472 2232 2774 2330 partium
2825 2254 3034 2305 usum
3087 2232 3401 2305 animum
3433 2231 3881 2318 adverteret,
3936 2237 4015 2304 ut
4063 2229 4136 2303 in

1084 2347 1464 2447 disciplinis
1532 2350 1668 2424 sibi
1738 2351 2089 2426 mandatis
2156 2350 2498 2451 principia
2557 2375 2719 2425 cum
2783 2350 2932 2449 ipse
3001 2356 3404 2448 quaereret,
3461 2359 3610 2424 tum
3665 2350 3878 2425 etiam
3931 2349 4134 2424 disci-
4225 2414 4233 2419 .

1080 2468 1265 2566 pulis
1328 2469 1701 2561 indicaret,
1773 2470 2033 2569 quibus
2103 2470 2273 2546 artis
2346 2470 2756 2545 exercitium
2813 2470 2946 2543 niti
2999 2469 3286 2559 debeat,
3351 2479 3433 2545 ut
3487 2470 3863 2559 theoriam,
3925 2495 4138 2569 quam

1083 2602 1362 2679 vocant,
1426 2616 1588 2665 cum
1659 2594 1858 2690 praxi
1922 2590 2243 2691 copulare
2301 2590 2631 2667 studeret.
2735 2590 2952 2669 Quod
2997 2613 3138 2664 non
3191 2590 3294 2665 ita
3342 2590 3502 2689 quis
3553 2590 3884 2690 accipiat,
3937 2590 4138 2688 quasi

1082 2708 1189 2782 vel
1241 2710 1385 2783 sola
1431 2711 1537 2785 vel
1586 2709 1904 2809 inprimis
1946 2711 2315 2787 dumtaxat
2358 2736 2440 2787 ea
2499 2716 2860 2798 tractaret,
2934 2709 3193 2808 quibus
3240 2734 3402 2785 cum
3449 2709 3708 2784 morbis
3759 2732 4134 2809 eorumque

1082 2830 1436 2903 curatione
1481 2830 1731 2906 arctior
1770 2831 2142 2905 intercedit
2182 2831 2642 2906 necessitudo.
2745 2831 3049 2905 Omnem
3093 2831 3278 2905 enim
3325 2830 3626 2930 eorporis
3666 2830 3886 2905 nostri
3925 2829 4130 2904 fabri-

1082 2974 1235 3023 cam
1299 2974 1640 3049 exponere
1660 3009 1681 3040 ,
1760 2957 2244 3051 quantumque
2310 2951 2386 3026 in
2451 2950 2580 3027 hac
2628 2951 3034 3050 disciplinae
3088 2949 3379 3026 infantia
3419 2950 3570 3024 fieri
3617 2959 3864 3049 queat,
3911 2957 4130 3025 totam

1082 3078 1406 3142 naturam
1478 3070 1856 3146 humanam
1918 3073 2283 3171 explanare
2348 3071 2634 3147 solebat.
2735 3071 3105 3170 Quidquid
3173 3095 3330 3145 vero
3381 3070 3722 3145 eiusmodi
3769 3076 3958 3144 esset
3975 3127 3996 3158 ,
4049 3077 4128 3144 ut

1083 3211 1293 3260 usum
1340 3188 1785 3265 manifestum
1832 3191 1941 3264 vel
1982 3190 2268 3266 haberet
2308 3193 2416 3266 vel
2470 3191 2723 3266 habere
2763 3199 2946 3266 certe
2995 3191 3342 3266 videretur
3362 3248 3384 3278 ,
3429 3190 3508 3264 id
3547 3189 3746 3264 avide
3795 3196 4130 3288 tanquam

1083 3307 1457 3406 arripiebat
1503 3315 1575 3384 et
1616 3309 1885 3409 impetu
1930 3311 2235 3410 quodam
2288 3311 2646 3410 discipulis
2689 3337 2828 3386 non
2875 3311 3233 3401 tradebat,
3283 3309 3410 3384 sed
3451 3308 3866 3385 inculcabat.
3966 3308 4130 3385 Qua

1089 3427 1373 3524 quidem
1422 3428 1495 3502 in
1538 3453 1615 3504 re
1662 3431 1984 3529 quamvis
2025 3430 2305 3530 ingenio
2362 3431 2660 3507 subinde
2715 3431 3011 3505 nimium
3061 3431 3432 3505 indulsisse
3478 3429 3836 3518 videatur,
3887 3451 4126 3527 quem-

1084 3548 1466 3622 admodum
1536 3550 1611 3622 in
1682 3548 1835 3624 aliis
1902 3550 2141 3625 multis
2163 3609 2184 3639 ,
2254 3576 2412 3626 vere
2469 3551 2813 3628 excelluit.
2925 3552 3308 3649 Postquam
3373 3549 3772 3648 Groningae
3839 3547 4129 3622 summis

1086 3666 1160 3740 in
1234 3668 1579 3744 medicina
1649 3668 2043 3744 honoribus·
2101 3677 2386 3744 ornatus
2453 3679 2601 3746 erat
2661 3671 2760 3765 ⁰³)
2787 3728 2806 3759 ,
2868 3666 3374 3743 Amstelodami
3431 3667 3528 3759 ⁰⁴)
3597 3691 3722 3766 per
3777 3666 4129 3764 integrum

1087 3789 1651 3888 quinquennium
1718 3789 1795 3864 in
1856 3789 2253 3864 nosocomio
2308 3789 2712 3864 suburbano
2771 3813 2910 3863 non
2967 3795 3244 3863 tantum
3292 3795 3512 3861 artem
3559 3785 3936 3886 factitavit,
4003 3784 4130 3890 sed

1088 3910 1298 3983 etiam
1369 3910 1619 3984 studiis
1681 3934 1963 4010 operam
2030 3909 2320 3999 tribuit,
2387 3933 2550 3984 cum
2605 3908 2793 3997 aliis,
2854 3916 3009 3984 tum
3059 3905 3378 4006 inprimis
3423 3905 3864 3995 anatomicis,
3913 3913 3988 3978 et
4032 3904 4130 3979 ita

1091 4029 1417 4125 quidem,
1480 4038 1563 4105 ut
1612 4053 1751 4104 non
1808 4053 2261 4118 saxulum,
2323 4030 2668 4129 optimum
2721 4028 3174 4128 magistrum,
3225 4027 3474 4116 modo,
3525 4025 3650 4101 sed
3703 4049 4130 4102 aursenum

1090 4146 1325 4244 ipsum
1392 4155 1463 4222 et
1529 4171 1864 4223 anamma
1928 4149 2263 4224 aemulari
2330 4150 2698 4224 videretur.
2812 4148 3048 4246 Atque
3113 4146 3282 4222 haec
3341 4148 3546 4245 plane
3613 4145 3984 4245 singularis
4039 4143 4130 4220 ad

1090 4264 1399 4339 futuram
1467 4266 1961 4364 professionem
2026 4268 2241 4341 veluti
2306 4269 2738 4367 praeparatio
2757 4325 2778 4356 ,
2851 4267 3443 4364 quemadmodum
3507 4267 3714 4355 alios,
3780 4267 3882 4340 ita
3945 4265 4130 4340 hunc

1091 4386 1302 4460 etiam
1351 4386 1659 4461 fructum
1705 4386 1906 4474 tulit,
1972 4393 2054 4462 ut
2101 4387 2439 4462 Museum
2487 4387 3003 4486 pathologicum
3053 4389 3388 4462 conficere
3439 4386 3779 4486 coeperit,
3833 4410 3976 4486 quo
4025 4383 4131 4459 vel

1092 4506 1479 4606 elegantius
1551 4505 1661 4581 vel
1728 4505 1989 4580 morbis
2054 4505 2482 4582 illustrandis
2545 4505 3128 4583 accommodatius
3185 4507 3359 4582 nihil
3415 4529 3697 4606 prorsus
3759 4503 4132 4604 excogitari

1093 4627 1332 4726 possit.
1434 4627 1651 4705 Quod
1714 4625 1999 4726 quidem
2057 4627 2394 4702 Museum
2449 4627 2708 4702 sensim
2753 4626 3150 4726 sensimque
3187 4635 3474 4704 auctum
3519 4635 3592 4702 et
3633 4624 4131 4724 amplificatum

1092 4755 1358 4822 tantam
1411 4745 1815 4847 ubicunque
1858 4753 2143 4822 nactum
2188 4755 2296 4822 est
2340 4746 2566 4824 famae
2619 4745 3085 4822 celebritatem
3103 4803 3124 4835 ,
3182 4755 3263 4822 ut
3311 4769 3610 4846 magnus
3657 4742 3943 4820 omnino
3987 4766 4132 4817 me·
