4728 5991
1462 1344 1952 1457 ACTA
2070 1344 2265 1457 IN
2385 1340 3156 1455 SENATU

1644 1682 1717 1739 A.
1758 1677 2934 1742 CIOIOOCCLXII—CIOIOCCCLXIII
2949 1726 2965 1753 ,

820 1965 1179 2038 Rxc'ronn
1228 1966 1657 2039 Maomrrco
1709 1965 2245 2041 GOZEWINO
2297 1968 2544 2041 IANO
2597 1966 2976 2053 LONCQ,
3045 1966 3276 2041 Coun.
3327 1967 3490 2042 IAN.
3540 1967 3778 2045 FILIO.

1248 2108 1729 2181 GaAPmAaro
1780 2108 2227 2182 HENRICO
2280 2107 2889 2183 CHRISTIANO
2941 2108 3360 2184 MILLIES.

750 2820 925 2897 Die
979 2822 1073 2893 26
1123 2844 1213 2897 m.
1264 2821 1525 2897 Martii.
1628 2822 1883 2897 Rector
1922 2822 2349 2923 Magnificus
2389 2844 2697 2897 neonus
2746 2842 3132 2895 Anom’nus
3155 2843 3484 2897 canonos
3511 2843 3833 2910 normae,

1131 2966 1173 3016 a
1234 2941 1497 3018 Senatu
1560 2942 2015 3042 Amplissimo
2076 2943 2152 3018 in
2220 2942 2618 3020 cathedram
2690 2940 2944 3016 ductus
2962 2999 2983 3029 ‚
3043 2941 3422 3017 orationem
3479 2939 3688 3015 habet
3751 2942 3864 3016 de.

1132 3070 1361 3137 aetate
1376 3157 1383 3164 θ
1396 3071 1632 3136 nostra
1668 3066 2101 3161 optimatibus
2139 3072 2211 3139 et
2242 3066 2590 3138 civitatum
2632 3062 3003 3138 rectoribus
3056 3063 3436 3160 sapientiae
3471 3065 3801 3161 maqistra
3815 3118 3838 3150 ‚

1134 3185 1206 3252 et
1274 3163 1694 3257 Academiae
1768 3182 1911 3257 fata
1986 3190 2141 3257 tum
2188 3207 2516 3283 prospera
2577 3190 2731 3257 tum
2787 3180 3013 3255 tristia
3062 3203 3387 3256 enarrans
3433 3181 3836 3256 memoriam

1134 3323 1411 3399 quoque
1474 3303 1776 3378 celebrat
1816 3303 2028 3377 trium
2072 3302 2548 3378 Professorum
2600 3300 2774 3376 rude
2824 3299 3234 3374 donatorum
3256 3358 3277 3388 ‚
3331 3324 3513 3375 anno
3556 3324 3831 3399 praece-

1134 3416 1341 3494 dente
1386 3419 1867 3496 defunctorum
1887 3480 1908 3510 ‚
1960 3421 2284 3496 Virorum
2336 3421 2887 3497 Clarissimorum
2943 3443 3240 3508 nomn,
3287 3443 3834 3494 nonasnrcxu

1142 3545 1213 3610 et
1272 3563 1723 3617 surranum.
1842 3541 2175 3616 Recitatis
2244 3540 2500 3616 deinde
2566 3569 2607 3617 a
2673 3538 3084 3636 Graphiario
3150 3537 3498 3612 Ordinum
3548 3538 3837 3611 Iudiciis

1138 3653 1223 3727 de
1282 3658 1985 3734 commentationibus
2046 3659 2119 3733 in
2172 3661 2545 3734 certamine
2596 3658 2926 3734 litterario
2971 3657 3268 3757 acceptis
3285 3715 3307 3746 ,
3371 3657 3625 3730 Rector
3675 3657 3832 3729 Ma-

1134 3773 1431 3872 gnificus
1477 3777 1693 3876 Regis
1736 3779 2015 3852 nomine
2057 3779 2361 3876 praemia
2415 3778 2628 3854 tradit
2673 3776 3086 3864 victoribus,
3151 3799 3520 3850 nummum
3573 3773 3835 3847 scilicet

1136 3903 1541 3992 argenteum
1592 3919 1764 3971 uno
1806 3921 2074 3972 nonno
2115 3921 2646 3984 coannmssrffl,
2688 3896 2762 3970 in
2793 3895 3170 3971 Academia
3189 3893 3838 3992 Lugduno-Batava

1134 4011 1305 4087 Litt.
1352 4013 1573 4089 Hum.
1620 4015 2046 4105 candidato,
2094 4017 2398 4114 praemia
2433 4040 2591 4090 vero
2625 4039 2834 4090 aurea
2873 4036 3050 4089 nmo
3093 4036 3500 4088 ommmmo
3529 4034 3831 4101 sonum,

1134 4129 1205 4203 in
1232 4133 1609 4208 Academia
1636 4134 2282 4234 Lugduno-Batava
2318 4134 2712 4209 Medicinae
2749 4132 3110 4220 studioso,
3149 4139 3220 4207 et
3250 4154 3567 4215 tonum
3603 4155 3832 4206 ‘runo-

1136 4271 1331 4323 noao
1375 4274 1718 4343 nomon,
1767 4255 1841 4326 in
1884 4254 2263 4329 Academia
2302 4253 2953 4353 Lugduno·Batava
2989 4251 3167 4326 Phil.
3203 4251 3366 4326 Nat.
3400 4251 3830 4339 Candidato,

1136 4365 1297 4443 huic
1340 4379 1574 4446 autem
1624 4381 1806 4447 sorte
1862 4374 2305 4473 adsignatum
2330 4432 2351 4463 ,
2400 4398 2561 4448 cum
2611 4396 2976 4448 narramus
3011 4393 3438 4449 ‚coannnrus
3493 4394 3782 4446 mamre
3804 4427 3827 4459 ‚

1134 4485 1310 4562 Phil.
1374 4491 1541 4568 Nat.
1612 4491 1683 4566 in
1748 4493 2127 4567 Academia
2167 4493 2836 4568 Rheno-Traiectina
2884 4491 3318 4566 Candidatus
3341 4549 3362 4580 ,
3411 4491 3654 4564 eodem
3701 4489 3824 4562 ho-

1133 4627 1298 4681 nore
1340 4609 1669 4709 dignatus
1712 4621 1912 4687 esset.
2014 4611 2327 4686 Tandem
2377 4612 2874 4711 Magistratum
2921 4612 3274 4712 deponens
3313 4611 3385 4684 in
3430 4609 3825 4708 proximum

1135 4749 1395 4801 annum
1448 4730 1811 4806 Rectorem
1864 4731 2323 4830 Magnificum
2368 4733 2717 4806 renuntiat
2762 4757 2841 4806 ao
2895 4733 3151 4806 salutat
3203 4730 3450 4803 Virum
3509 4725 3824 4802 Clarissi-

3343 4850 3434 4921 21
3451 4846 3494 4892 ¹*
