4728 5991
1052 598 1180 663 ιω
2230 596 2921 678 6.ιιοΝορ

1052 806 1583 880 universitatum
1634 805 1921 880 alumni.
2044 806 2609 901 Quantacunque
2659 804 2844 877 enim
2895 800 3224 900 religione
3280 800 3664 898 probentur
3704 799 4096 891 candidati,

1049 951 1141 1001 ne
1184 926 1478 1001 civitatis
1528 926 1968 1000 incommodo
2018 924 2343 998 deficiant
2391 923 2686 1013 medici,
2735 922 3024 996 modum
3073 920 3454 1019 exigendae
3501 919 3856 997 doctrinae
3907 946 4098 997 com·

1051 1046 1287 1119 munis
1338 1045 1623 1119 definiet
1673 1043 2290 1118 examinandorum
2338 1043 2606 1142 peritia.

1148 1166 1391 1264 Longe
1432 1165 1629 1238 aliter
1683 1165 2131 1239 statuendum
2174 1174 2287 1237 est
2330 1164 2420 1237 de
2462 1163 2732 1237 Scholia
2775 1161 3146 1236 liberaliter
3185 1160 3562 1235 instructis.
3633 1163 3838 1239 Quae
3883 1160 4099 1260 siqui·

1052 1285 1213 1358 dem
1264 1284 1577 1359 doctores
1624 1283 1927 1358 habeant
1972 1307 2100 1358 nec
2140 1284 2500 1382 pauciores
2550 1307 2762 1383 quam
2807 1281 3258 1369 Academiae,
3308 1305 3436 1354 nec
3471 1279 3704 1354 minus
3743 1280 4098 1380 egregios,

1052 1411 1123 1477 et
1170 1428 1329 1477 vero
1372 1404 1565 1502 paria
1620 1403 2009 1478 studiorum
2062 1402 2482 1477 adminicula
2503 1462 2524 1491 ,
2576 1403 2818 1476 multis
2862 1408 3046 1477 certe
3089 1399 3492 1473 nominibus
3533 1398 4102 1475 universitatibus

1052 1522 1608 1621 aequiparandae
1657 1531 1845 1596 sunt.
1944 1520 2045 1594 At
2090 1521 2482 1595 academica
2531 1520 2878 1594 institutio
2921 1519 3014 1593 ad
3060 1543 3302 1593 omnes
3351 1518 3792 1617 explicandas
3835 1518 4102 1617 ingenii

1053 1642 1291 1728 dotes,
1341 1642 1432 1716 ad
1481 1642 1792 1715 animum
1847 1640 2341 1728 excolendum,
2392 1640 2482 1715 ad
2527 1639 2878 1716 hominem
2927 1638 3442 1713 informandum
3481 1661 3638 1710 vere
3667 1636 4100 1726 humanum,

1053 1786 1095 1835 a
1158 1760 1649 1858 praeiudicatis
1726 1760 2171 1858 opinionibus
2237 1759 2531 1835 liberum
2551 1819 2571 1848 ,
2637 1766 3066 1834 constantem
3091 1818 3112 1847 ,
3173 1758 3566 1832 modestum
3621 1757 3760 1832 dici
3809 1758 3926 1831 vix
3977 1782 4100 1856 po-

1050 1888 1229 1967 test,
1294 1887 1557 1978 quanto
1606 1879 1837 1978 magis
1879 1879 2397 1953 accommodata
2449 1880 2541 1953 sit
2582 1904 2794 1978 quam
2849 1880 2984 1953 alia
3024 1902 3480 1978 quaecunque
3531 1877 3916 1975 disciplina.
4015 1880 4100 1952 In

1054 1998 1500 2072 universitate
1520 2057 1541 2087 ,
1595 1999 1875 2098 qualem
1922 1998 2215 2073 maiores
2258 2000 2476 2073 nostri
2523 2000 2726 2073 variis
2771 2000 2842 2074 in
2889 1999 3150 2097 patriae
3195 1999 3363 2073 locis
3412 1997 3914 2085 condiderunt,
3961 2024 4102 2074 non

1052 2118 1415 2192 universae
1484 2118 1769 2217 quidem
1794 2176 1815 2207 ,
1887 2119 2077 2217 quod
2143 2119 2325 2193 mala
2389 2120 2546 2217 quis
2611 2120 2791 2194 vocis
2845 2118 3410 2216 interpretatione
3455 2115 3790 2214 suspicari
3836 2116 4104 2215 possit,

1054 2246 1127 2311 at
1192 2238 1453 2312 multae
1522 2245 1753 2312 tamen
1832 2238 2205 2313 traduntur
2260 2264 2522 2339 eaeque
2591 2239 3094 2314 diversissimae
3147 2236 3520 2310 doctrinae.
3621 2235 3810 2309 Rara
3857 2235 4104 2334 utique

1056 2356 1375 2454 exempla
1442 2364 1607 2430 sunt
1652 2356 1905 2430 civium
1959 2358 2552 2445 academicorum,
2617 2358 2740 2455 qui
2795 2356 3196 2455 praecipuas
3243 2355 3568 2453 deinceps
3621 2363 4104 2429 consectantur

1055 2476 1485 2573 singulorum
1535 2476 1858 2549 ordinum
1908 2476 2409 2551 institutiones.
2513 2476 2727 2550 Pauci
2783 2476 2992 2550 modo
3058 2482 3327 2574 praeter
3383 2474 3650 2548 scholas
3701 2474 3856 2573 lege
3905 2500 4104 2573 prae·

1054 2596 1341 2694 scriptas
1390 2597 1513 2670 uni
1560 2597 1647 2670 de
1688 2596 1933 2670 ceteris
1977 2603 2121 2671 tam
2170 2596 2450 2671 assidue
2501 2598 2850 2670 intersunt
2900 2595 3104 2694 eique
3147 2601 3422 2668 tantum
3455 2618 3702 2694 operae
3740 2593 4102 2683 tribuunt,

1053 2715 1252 2813 quasi
1316 2715 1678 2813 disciplina
1739 2715 1839 2789 ibi
1909 2715 2164 2789 tradita
2230 2716 2322 2790 ad
2378 2715 2690 2814 proxima
2745 2716 2924 2789 vitae
2971 2714 3214 2789 munia
3259 2713 3643 2788 necessaria
3697 2721 3902 2789 esset.
4005 2715 4108 2788 At

1048 2835 1282 2932 plures
1346 2834 1740 2908 incredibili
1804 2835 2181 2933 flagrantes
2250 2835 2564 2909 discendi
2627 2860 2858 2909 amore
2931 2840 3201 2933 praeter
3243 2858 3396 2907 eam
3417 2891 3438 2921 ,
3489 2833 3562 2907 in
3608 2858 3750 2933 qua
3789 2833 4106 2909 habitare

1051 2954 1374 3042 student,
1448 2954 1669 3028 varias
1742 2953 1963 3028 solent
2036 2963 2319 3054 gustare
2391 2955 2812 3055 disciplinas.
2912 2953 3265 3029 Omnibus
3320 2953 3610 3054 insuper
3655 2961 3765 3029 est
3813 2977 4104 3029 consue·

1050 3073 1225 3145 tudo
1269 3097 1428 3145 cum
1478 3073 2036 3148 adolescentibus
2086 3074 2354 3150 diverso
2403 3075 2792 3149 studiorum
2845 3075 3082 3174 generi
3136 3073 3520 3148 destinatis.
3609 3074 3774 3152 Qua
3817 3073 4106 3170 quidem

1050 3192 1555 3266 consuetudine
1626 3193 1959 3281 efficitur,
2038 3200 2118 3266 ut
2186 3194 2273 3268 de
2332 3195 2543 3269 nullis
2595 3219 2732 3270 non
2780 3194 2990 3268 rebus
3038 3194 3180 3268 sive
3227 3192 3628 3267 disserendo
3671 3193 3814 3266 sive
3869 3192 4102 3268 confa-

1053 3309 1361 3384 bulando
1429 3311 1811 3386 multarum
1884 3311 2019 3385 sibi
2080 3314 2398 3388 notitiam
2454 3322 2740 3413 parent,
2809 3338 2988 3412 quae
3041 3313 3438 3411 ceteroquin
3489 3312 3662 3410 ipsis
3705 3313 4102 3410 incognitae

1052 3429 1488 3505 mansissent.
1592 3431 1807 3509 Quod
1876 3439 2107 3507 autem
2180 3433 2400 3532 pluris
2467 3442 2618 3522 est,
2667 3433 2940 3508 diversa
2984 3433 3248 3508 ratione
3297 3442 3448 3506 tum
3501 3431 3862 3532 ingenium
3913 3432 4100 3507 acui-

1052 3558 1202 3637 tur,
1273 3556 1423 3622 tum
1491 3549 1767 3625 animus
1822 3551 2311 3628 inflammatur.
2413 3555 2818 3630 Exardescit
2877 3553 3192 3627 studium
3247 3552 3427 3640 veri,
3475 3553 3874 3651 reprimitur
3913 3577 4100 3628 arro·

1049 3667 1329 3767 gantis,
1398 3678 1843 3767 praecavetur
1908 3671 2240 3770 iniquitas
2260 3732 2279 3763 ,
2352 3674 2763 3748 excoluntur
2830 3672 3450 3772 perpoliunturque
3515 3695 3764 3744 mores.
3884 3671 4098 3750 Quod

1049 3787 1295 3885 quanti
1344 3788 1631 3863 medicis
1675 3793 2010 3866 momenti
2058 3793 2187 3881 sit,
2256 3791 2382 3892 'qui
2437 3794 2604 3868 varii
2657 3794 2930 3892 generis
2977 3791 3380 3866 hominibus
3427 3789 3670 3864 adesse
3691 3848 3712 3878 ,
3763 3790 3888 3889 qui
3940 3790 4096 3866 nul-

1050 3905 1183 3980 lius
1254 3930 1393 3979 non
1460 3906 1713 3983 indolis
1786 3910 2310 4008 aegrotantibus
2384 3934 2619 3984 curam
2692 3908 3022 3984 adhibere
3088 3910 3427 3997 debeant,
3493 3933 3736 3984 omnes
3795 3919 4095 4000 norunt,

1050 4025 1172 4122 qui
1244 4026 1414 4122 quid
1484 4025 1841 4102 urbanitas
1908 4037 1979 4102 et
2046 4028 2426 4116 modestia,
2498 4028 2668 4125 quid
2723 4027 2982 4101 candor
3039 4036 3111 4100 et
3167 4025 3660 4126 aequabilitas,
3711 4027 3884 4125 quid
3931 4055 4095 4104 con-

1051 4142 1307 4216 stantia
1362 4151 1435 4218 et
1483 4143 1817 4219 fortitudo
1863 4171 2023 4220 cum
2068 4147 2159 4221 ad
2202 4146 2500 4221 favorem
2525 4205 2546 4236 ,
2598 4155 2750 4221 tum
2802 4147 2894 4222 ad
2939 4146 3266 4221 fiduciam
3307 4146 3580 4220 valeant
3597 4203 3618 4236 ,
3667 4146 4096 4225 observando

1050 4261 1615 4361 experiundoque
1684 4264 2051 4340 didicerint
2114 4265 2274 4363 ipsi.
2392 4268 2496 4339 At
2557 4290 2717 4341 vero
2779 4266 3042 4340 civitati
3098 4265 3206 4339 vel
3267 4265 3606 4354 maxime,
3667 4273 3822 4340 tum
3881 4269 4090 4345 etiam

1048 4381 1225 4468 arti,
1292 4405 1505 4480 quam
1575 4393 1975 4473 exerceant,
2047 4383 2302 4458 mirum
2362 4395 2704 4482 quantum
2763 4386 3020 4490 prosit,
3073 4385 3262 4484 quod
3303 4385 3394 4458 ad
3443 4409 3722 4459 omnem
3771 4387 4091 4464 humani-

1048 4507 1263 4573 tatem
1319 4500 1618 4589 exculti,
1688 4502 1877 4599 quod
1929 4503 2257 4603 ingenui,
2325 4503 2516 4602 quod
2561 4504 2844 4578 stabiles
2897 4513 2968 4579 et
3018 4504 3202 4578 firmi
3253 4503 3432 4591 sint,
3495 4504 3897 4604 quicunque
3943 4534 4089 4584 me·

1047 4618 1347 4694 dicinam
1424 4619 1739 4694 factitare
1815 4621 2121 4721 cupiant.
2246 4622 2618 4720 Quidquid
2689 4624 2906 4722 igitur
2971 4624 3106 4699 alia
3179 4622 3648 4723 praestiterint
3723 4624 4048 4703 instituta
4069 4688 4088 4717 ,

1047 4738 1621 4840 quandoquidem
1666 4741 2083 4818 Academiae
2133 4741 2640 4817 honestioribus
2687 4743 3140 4818 informandis
3177 4741 3494 4841 inprimis
3533 4746 4092 4824 accommodatae
