4728 5991
1116 539 1251 608 256
2064 539 2135 606 E.
2206 539 2257 606 1.
2328 539 2647 604 DlE'ST
2717 535 3218 616 LORGLON

1112 745 1233 822 illa
1302 745 1587 846 insuper
1648 771 1775 821 nos
1840 753 2323 822 convertamus
2383 770 2660 820 necesse
2708 753 2817 820 est
2837 803 2859 836 ,
2929 769 3152 846 quum
3205 745 3534 846 indagare
3582 747 3902 822 volumus
3947 771 4148 847 quae-

1116 864 1409 941 stionem
1477 866 1956 966 gravissimam
2014 866 2102 940 de
2146 866 2413 966 origine
2462 867 2796 942 librorum
2844 867 3029 941 Novi
3074 867 3541 959 Testamenti,
3593 867 4149 966 quandoquidem

1117 1011 1203 1060 ex
1266 986 1403 1061 illis
1463 985 1831 1086 praecipue
1894 992 2128 1086 patere
2177 986 2382 1061 nobis
2433 986 2680 1074 debet,
2731 1011 3074 1085 quaenam
3120 994 3193 1061 et
3245 986 3479 1087 qualia
3523 986 3664 1063 sint
3710 996 4152 1088 arguments,

1116 1131 1296 1206 quae
1338 1115 1619 1192 externa
1664 1106 2031 1194 dicuntur,
2084 1105 2172 1180 de
2213 1105 2460 1182 horum
2506 1104 2838 1180 librorum
2881 1106 3264 1182 authentia.

1212 1226 1367 1303 Has
1428 1227 1519 1302 ob
1585 1251 1863 1316 cauam,
1930 1225 2189 1324 quibus
2250 1225 2454 1324 plura
2503 1226 2794 1326 adiungi
2855 1235 3191 1328 possunt,
3246 1225 3624 1301 dolendum
3677 1226 4040 1316 existim0‚
4085 1226 4154 1301 in

1112 1345 1509 1422 Academiis
1572 1347 1827 1422 nostris
1884 1345 2300 1454 Theologiae
2364 1346 2712 1421 studiosos
2770 1372 2909 1421 non
2971 1347 3124 1474 lege
3188 1347 3444 1436 teneri,
3509 1353 3592 1420 ut
3647 1345 3975 1420 lectiones
4033 1345 4154 1421 fre-

1112 1474 1489 1566 quentent,
1558 1467 1818 1566 quibus
1874 1473 2208 1542 tractatur
2268 1466 2673 1557 Patristi'ca,
2741 1468 2932 1568 quod
2981 1467 3108 1557 iis,
3158 1466 3283 1566 qui
3332 1466 3630 1566 gradum
3681 1473 3936 1566 petunt
3986 1467 4154 1542 Doc-

1110 1589 1279 1663 toris
1321 1587 1737 1688 Theologiae
1757 1646 1775 1678 ,
1825 1587 2051 1688 magis
2088 1583 2496 1685 prodesset,
2547 1609 2762 1684 quam
2797 1608 3078 1684 operam
3119 1608 3370 1659 navare
3411 1584 3872 1661 Oeconomiae
3914 1585 4118 1661 rurali
4135 1643 4155 1676 ‚

1107 1707 1250 1781 imo
1332 1704 1659 1781 omnibus
1743 1705 2159 1806 Theologiae
2227 1705 2558 1779 studiosis
2629 1704 2872 1780 utilius
2951 1705 3181 1780 forsan
3260 1713 3486 1794 esset,
3557 1729 3770 1804 quam
3838 1704 4156 1781 lectiones

1108 1827 1353 1904 audire
1429 1825 1519 1902 de
1589 1825 2091 1925 Metaphysica.
2194 1825 2593 1900 Dolendum
2615 1883 2638 1914 ,
2701 1850 2908 1924 opera
2969 1825 3260 1902 Patrum
3325 1824 3968 1902 Ecclesiasticorum
4027 1849 4158 1902 non

1110 1947 1516 2046 diligentius
1576 1945 1953 2045 explorari,
2006 1969 2218 2044 quam
2257 1970 2301 2021 a
2344 1945 2691 2045 plerisque
2733 1946 3101 2045 Theologis
3137 1945 3288 2036 fieri
3327 1944 3621 2022 videtur.
3709 1947 4156 2046 Quamquam

1106 2065 1496 2155 immerito,
1572 2075 1649 2140 ut
1722 2064 2006 2165 opinor,
2078 2088 2524 2141 monunnaos
2587 2067 2660 2140 in
2731 2092 2858 2142 sua
2913 2067 3319 2166 Patroloyia
3375 2066 3477 2144 ita
3541 2064 3888 2164 loquitur,
3961 2091 4042 2143 ac
4105 2063 4160 2140 si

1103 2186 1577 2262 Protestantes
1644 2186 1910 2261 ratione
1982 2183 2220 2260 habita
2288 2185 3160 2262 Romano-Catholicorum
3223 2185 3457 2262 studia
3525 2185 3893 2261 Patristica
3974 2185 4157 2262 valde

1102 2306 1553 2406 neglexerint.
1655 2307 1970 2380 Fuerunt
2032 2304 2215 2380 enim
2286 2315 2359 2380 et
2427 2331 2614 2381 nunc
2681 2307 2894 2382 etiam
2952 2315 3119 2382 sunt
3173 2306 3356 2382 inter
3409 2305 3564 2382 illos
3625 2305 3914 2382 fortasse
3981 2306 4160 2382 haud

1100 2427 1462 2528 pauciores
1528 2449 1740 2524 quam
1814 2427 1995 2500 inter
2054 2425 2181 2500 hos
2201 2484 2221 2515 ‚
2290 2426 2417 2524 qui
2478 2426 2730 2502 studiis
2798 2427 2934 2501 illis
2987 2426 3365 2502 admodum
3419 2426 3788 2526 diligenter
3830 2451 3907 2500 se
3957 2425 4154 2502 dede-

1096 2555 1301 2637 runt,
1367 2553 1578 2645 atque
1644 2545 1836 2646 apud
1897 2545 2022 2621 hos
2077 2571 2219 2621 non
2274 2545 2513 2622 minus
2547 2569 2775 2644 -quam
2823 2546 3014 2645 apud
3053 2547 3206 2622 illos
3252 2546 3430 2622 bene
3475 2546 3683 2622 multi
3721 2545 4158 2622 invenientur

1104 2665 1473 2766 Theologi‚
1526 2664 1651 2764 qui
1700 2665 1871 2764 quid
1918 2690 2153 2742 revera
2192 2666 2434 2741 Patres
2479 2665 2840 2741 docuerint
2880 2667 3084 2764 plane
3133 2666 3476 2766 ignorant.

1198 2787 1435 2862 Nolite
1516 2793 1751 2860 tamen
1816 2786 2193 2885 suspicari,
2272 2786 2658 2861 auditores!
2728 2810 2842 2860 me
2910 2783 3121 2876 velle,
3190 2784 3561 2885 Theologis
3637 2794 3876 2862 nostra
3944 2791 4160 2862 aetate

1099 2906 1275 2982 nihil
1313 2905 1504 2980 aliud
1551 2929 1705 2980 esse
1748 2904 2141 2983 faciendum
2164 2965 2185 2998 ,
2250 2930 2465 3006 quam
2511 2914 2594 2980 ut
2639 2906 2928 2980 Patrum
2973 2905 3264 3006 vestigia
3310 2913 3648 3007 prement.
3748 2905 3979 2982 Aliud
4023 2913 4157 2994 est,

1100 3026 1293 3127 quod
1332 3024 1581 3125 cogito.
1684 3025 1869 3099 Mihi
1912 3026 2100 3101 enim
2144 3051 2562 3127 persuasum
2611 3034 2720 3101 est
2741 3084 2762 3116 ‚
2811 3026 3054 3101 Patres
3103 3026 3618 3103 Ecclesiasticos
3661 3026 3894 3102 adhuc
3937 3026 4158 3102 multo

1100 3145 1430 3221 maiorem
1454 3202 1475 3234 ‚
1538 3168 1751 3243 quam
1814 3170 1941 3245 par
1998 3154 2145 3238 est,
2213 3146 2354 3223 vim
2419 3146 2672 3223 habere
2725 3146 2800 3221 in
2857 3145 3307 3246 Theologiam
3363 3146 3856 3223 Christianam.
3967 3148 4158 3227 Quae

1103 3263 1457 3365 persuasio
1512 3263 1841 3339 orationis
1886 3266 2017 3341 hae
2059 3266 2350 3342 solemni
2394 3266 2912 3365 opportunitate
2961 3266 3320 3343 habendae
3370 3268 3545 3343 mihi
3586 3266 3912 3368 praebuit
3961 3291 4154 3367 argu-

1102 3392 1442 3461 mentum.
1572 3382 1818 3458 Dicam
1890 3386 2077 3461 enim
2146 3389 2231 3462 de
2311 3388 2675 3487 Pbeoquiu
2757 3387 3150 3463 Christiana
3217 3389 3306 3463 ab
3381 3390 3795 3463 auctoritate
3871 3386 4160 3463 Patrem

962 3526 978 3537 ·
1102 3506 1735 3579 Ecclesiasticorum
1773 3529 2057 3602 prorsus
2103 3507 2482 3581 liberanda.

1203 3623 1347 3699 Vos
1396 3647 1638 3735 omne-s
1657 3681 1677 3713 ,
1727 3623 2077 3700 auditores
2120 3624 2624 3725 exoptatissimi
2643 3608 2686 3714 ,¹
2715 3625 3020 3727 benigno
3064 3624 3296 3702 animo
3356 3650 3468 3703 me
3509 3625 3852 3701 audiatis!

1204 3863 1453 3941 Variae
1488 3865 1577 3940 de
1616 3866 1903 3941 Patrum
1938 3864 2574 3941 Ecclesiasticorum
2617 3866 3024 3943 auctoritate
3061 3872 3339 3942 exstant
3375 3864 3777 3941 sententiae.
3848 3865 4018 3940 Non
4045 3862 4156 3939 de-

1105 3983 1389 4059 fuerunt
1406 4041 1427 4074 ‚
1479 3984 1603 4084 qui
1652 3993 2035 4063 statuerent
2076 3985 2559 4063 auctoritatem
2606 3986 2899 4063 Patrum
2941 4016 2978 4059 n
2995 4010 3157 4063 cum
3186 3986 3608 4098 *auctoritate
3657 3984 4157 4085 Prophetarum

1109 4102 1639 4204 divinorumque
1701 4106 2129 4205 Scriptorum
2188 4132 2339 4183 esse
2387 4107 2958 4209 comparandam,
3006 4115 3079 4182 et
3128 4113 3285 4207 post
3335 4104 3682 4181 Ecclesiae
3721 4104 4155 4206 approbatio·

990 4298 1001 4307 ‚
1108 4244 1271 4295 nem
1342 4221 1435 4295 ad
1498 4248 1719 4299 unum
1775 4244 1999 4324 usque
2056 4226 2201 4301 iota
2246 4226 2461 4302 fidem
2514 4228 2601 4303 iis
2650 4226 3117 4302 adhibendam
3167 4226 3390 4301 esse.''
3490 4224 3728 4300 Huius
3779 4223 4158 4299 sententiae

1112 4348 1351 4415 auctor
1422 4342 1631 4442 vulgo
1698 4338 2002 4421 creditur
2065 4344 2283 4423 abbas
2334 4368 2784 4422 rannzcrsus
2805 4404 2826 4436 ,
2890 4344 3014 4446 qui
3065 4344 3238 4419 vixit
3278 4343 3564 4419 ineunte
3611 4344 3886 4420 saeculo
3938 4366 4154 4430 nono,

1110 4486 1323 4561 quem
1367 4471 1647 4539 secutus
1688 4472 1796 4541 est
1844 4465 2184 4565 glossator
2227 4465 2488 4541 decreti
2533 4488 2930 4557 enarum,
2991 4474 3074 4541 ut
3116 4465 3191 4541 in
3233 4464 3794 4541 institutionibus
3838 4462 3985 4541 suis
4027 4462 4154 4539 Pa·

1109 4581 1441 4681 trologiae
1502 4583 1709 4661 refert
1764 4608 2191 4662 rassnnaus.
2292 4586 2562 4662 Paucos
2618 4611 2775 4662 vero
2826 4586 2994 4663 haec
3053 4584 3431 4677 sententia,
3481 4584 3744 4687 quippe
3788 4583 4154 4663 auctorita-

1106 4710 1249 4777 tem
1294 4702 1582 4780 Patrum
1631 4705 1839 4781 nimis
1880 4706 2235 4796 attollenS,
2302 4714 2506 4783 nacta
2547 4712 2655 4783 est
2697 4713 3064 4783 sectatores
3084 4764 3105 4797 ,
3172 4707 3288 4783 vel
3331 4706 3513 4781 inter
3553 4703 4156 4783 Romano-Catho-
