<?xml version="1.0" encoding="UTF-8"?>
<!DOCTYPE html PUBLIC "-//W3C//DTD XHTML 1.0 Transitional//EN"
    "http://www.w3.org/TR/xhtml1/DTD/xhtml1-transitional.dtd">
<html xmlns="http://www.w3.org/1999/xhtml" xml:lang="en" lang="en">
 <head>
  <title>
</title>
<meta http-equiv="Content-Type" content="text/html;charset=utf-8" />
  <meta name='ocr-system' content='tesseract 3.04.00' />
  <meta name='ocr-capabilities' content='ocr_page ocr_carea ocr_par ocr_line ocrx_word'/>
</head>
<body>
  <div class='ocr_page' id='page_1' title='image "annalesacademic03confgoog_0247.png"; bbox 0 0 4728 5991; ppageno 0'>
   <div class='ocr_carea' id='block_1_1' title="bbox 1752 567 3828 636">
    <p class='ocr_par' dir='ltr' id='par_1_1' title="bbox 1752 567 3828 636">
     <span class='ocr_line' id='line_1_1' title="bbox 1752 567 3828 636; baseline 0 -2"><span class='ocrx_word' id='word_1_1' title='bbox 1752 571 2143 636; x_wconf 83' lang='lat' dir='ltr'><strong>SERIES</strong></span> <span class='ocrx_word' id='word_1_2' title='bbox 2214 567 2872 636; x_wconf 80' lang='lat' dir='ltr'><strong>LECTIONUM.</strong></span> <span class='ocrx_word' id='word_1_3' title='bbox 3702 569 3828 636; x_wconf 82' lang='lat'><strong>237</strong></span> 
     </span>
    </p>
   </div>
   <div class='ocr_carea' id='block_1_2' title="bbox 774 777 3824 4810">
    <p class='ocr_par' dir='ltr' id='par_1_2' title="bbox 780 777 3824 1116">
     <span class='ocr_line' id='line_1_2' title="bbox 875 777 3824 866; baseline -0.001 -12"><span class='ocrx_word' id='word_1_4' title='bbox 875 781 1235 854; x_wconf 76' lang='lat' dir='ltr'><strong>Introitum</strong></span> <span class='ocrx_word' id='word_1_5' title='bbox 1296 780 1371 852; x_wconf 80' lang='lat' dir='ltr'><strong>in</strong></span> <span class='ocrx_word' id='word_1_6' title='bbox 1420 779 1725 852; x_wconf 73' lang='lat' dir='ltr'><strong>&#39;studium</strong></span> <span class='ocrx_word' id='word_1_7' title='bbox 1786 803 2011 852; x_wconf 82' lang='lat' dir='ltr'><strong>rerum</strong></span> <span class='ocrx_word' id='word_1_8' title='bbox 2077 779 2489 854; x_wconf 68' lang='lat' dir='ltr'><strong>naturalium</strong></span> <span class='ocrx_word' id='word_1_9' title='bbox 2511 837 2532 866; x_wconf 97' lang='lat'>,</span> <span class='ocrx_word' id='word_1_10' title='bbox 2599 778 2890 853; x_wconf 87' lang='lat' dir='ltr'><strong>aliarum</strong></span> <span class='ocrx_word' id='word_1_11' title='bbox 2953 777 3160 854; x_wconf 89' lang='lat' dir='ltr'><strong>etiam</strong></span> <span class='ocrx_word' id='word_1_12' title='bbox 3219 778 3628 854; x_wconf 77' lang='lat' dir='ltr'><strong>facultatum</strong></span> <span class='ocrx_word' id='word_1_13' title='bbox 3677 787 3824 852; x_wconf 80' lang='lat' dir='ltr'><strong>etu-</strong></span> 
     </span>
     <span class='ocr_line' id='line_1_3' title="bbox 781 897 3821 997; baseline -0.002 -23"><span class='ocrx_word' id='word_1_14' title='bbox 781 899 985 975; x_wconf 77' lang='lat' dir='ltr'><strong>dioais</strong></span> <span class='ocrx_word' id='word_1_15' title='bbox 1038 898 1503 986; x_wconf 82' lang='lat' dir='ltr'><strong>destinatum,</strong></span> <span class='ocrx_word' id='word_1_16' title='bbox 1575 899 1803 972; x_wconf 83' lang='lat' dir='ltr'><strong>tradet</strong></span> <span class='ocrx_word' id='word_1_17' title='bbox 1855 922 1918 973; x_wconf 82' lang='lat' dir='ltr'><strong>P.</strong></span> <span class='ocrx_word' id='word_1_18' title='bbox 1972 920 2306 973; x_wconf 71' lang='lat' dir='ltr'><strong>inarum</strong></span> <span class='ocrx_word' id='word_1_19' title='bbox 2327 958 2348 987; x_wconf 98' lang='lat'>,</span> <span class='ocrx_word' id='word_1_20' title='bbox 2418 898 2530 972; x_wconf 91' lang='lat' dir='ltr'><strong>die</strong></span> <span class='ocrx_word' id='word_1_21' title='bbox 2577 899 2944 987; x_wconf 90' lang='lat' dir='ltr'><strong>Mercurii,</strong></span> <span class='ocrx_word' id='word_1_22' title='bbox 2997 898 3163 973; x_wconf 88' lang='lat' dir='ltr'><strong>hora</strong></span> <span class='ocrx_word' id='word_1_23' title='bbox 3207 897 3678 997; x_wconf 90' lang='lat' dir='ltr'><strong>pomeridiana</strong></span> <span class='ocrx_word' id='word_1_24' title='bbox 3724 897 3821 969; x_wconf 95' lang='lat' dir='ltr'><strong>VI</strong></span> 
     </span>
     <span class='ocr_line' id='line_1_4' title="bbox 780 1016 2697 1116; baseline -0.001 -22"><span class='ocrx_word' id='word_1_25' title='bbox 780 1017 1167 1107; x_wconf 84' lang='lat' dir='ltr'><strong>dimidiata,</strong></span> <span class='ocrx_word' id='word_1_26' title='bbox 1220 1017 1325 1093; x_wconf 90' lang='lat' dir='ltr'><strong>vel</strong></span> <span class='ocrx_word' id='word_1_27' title='bbox 1372 1016 1505 1092; x_wconf 84' lang='lat' dir='ltr'><strong>alia</strong></span> <span class='ocrx_word' id='word_1_28' title='bbox 1556 1017 1991 1092; x_wconf 80' lang='lat' dir='ltr'><strong>auditoribus</strong></span> <span class='ocrx_word' id='word_1_29' title='bbox 2040 1019 2262 1116; x_wconf 85' lang='lat' dir='ltr'><strong>magis</strong></span> <span class='ocrx_word' id='word_1_30' title='bbox 2310 1018 2697 1094; x_wconf 87' lang='lat' dir='ltr'><strong>commoda.</strong></span> 
     </span>
    </p>

    <p class='ocr_par' dir='ltr' id='par_1_3' title="bbox 780 1136 3818 1466">
     <span class='ocr_line' id='line_1_5' title="bbox 868 1136 3816 1238; baseline 0 -26"><span class='ocrx_word' id='word_1_31' title='bbox 868 1139 1497 1214; x_wconf 66' lang='lat' dir='ltr'><strong>Emereitationibus</strong></span> <span class='ocrx_word' id='word_1_32' title='bbox 1545 1141 1922 1212; x_wconf 74' lang='lat' dir='ltr'><strong>zootomicie</strong></span> <span class='ocrx_word' id='word_1_33' title='bbox 1975 1145 2047 1213; x_wconf 92' lang='lat' dir='ltr'><strong>et</strong></span> <span class='ocrx_word' id='word_1_34' title='bbox 2096 1141 2589 1237; x_wconf 70' lang='lat' dir='ltr'><strong>microecopicis</strong></span> <span class='ocrx_word' id='word_1_35' title='bbox 2637 1137 2950 1238; x_wconf 82' lang='lat' dir='ltr'><strong>quotidie</strong></span> <span class='ocrx_word' id='word_1_36' title='bbox 2998 1136 3292 1238; x_wconf 89' lang='lat' dir='ltr'><strong>praeerit</strong></span> <span class='ocrx_word' id='word_1_37' title='bbox 3341 1161 3404 1212; x_wconf 86' lang='lat' dir='ltr'><strong>P.</strong></span> <span class='ocrx_word' id='word_1_38' title='bbox 3464 1161 3816 1214; x_wconf 69' lang='lat' dir='ltr'><strong>ruarmo.</strong></span> 
     </span>
     <span class='ocr_line' id='line_1_6' title="bbox 810 1259 3818 1360; baseline 0 -28"><span class='ocrx_word' id='word_1_39' title='bbox 810 1343 821 1350; x_wconf 47' lang='lat'>‚</span> <span class='ocrx_word' id='word_1_40' title='bbox 878 1259 1367 1359; x_wconf 74' lang='lat' dir='ltr'><strong>Geqqrapbiam</strong></span> <span class='ocrx_word' id='word_1_41' title='bbox 1422 1259 1777 1357; x_wconf 72' lang='lat' dir='ltr'><strong>physicam</strong></span> <span class='ocrx_word' id='word_1_42' title='bbox 1843 1267 1915 1334; x_wconf 82' lang='lat' dir='ltr'><strong>et</strong></span> <span class='ocrx_word' id='word_1_43' title='bbox 1968 1261 2524 1360; x_wconf 66' lang='lat' dir='ltr'><strong>Meteoroloqiam</strong></span> <span class='ocrx_word' id='word_1_44' title='bbox 2571 1259 2844 1334; x_wconf 83' lang='lat' dir='ltr'><strong>docebit</strong></span> <span class='ocrx_word' id='word_1_45' title='bbox 2891 1283 2954 1334; x_wconf 91' lang='lat' dir='ltr'><strong>c.</strong></span> <span class='ocrx_word' id='word_1_46' title='bbox 3016 1285 3088 1335; x_wconf 79' lang='lat' dir='ltr'><strong>H.</strong></span> <span class='ocrx_word' id='word_1_47' title='bbox 3141 1281 3210 1332; x_wconf 81' lang='lat' dir='ltr'><strong>n.</strong></span> <span class='ocrx_word' id='word_1_48' title='bbox 3261 1279 3448 1332; x_wconf 76' lang='lat' dir='ltr'><strong>Burs</strong></span> <span class='ocrx_word' id='word_1_49' title='bbox 3489 1281 3778 1333; x_wconf 71' lang='lat' dir='ltr'><strong>BAnLo&#39;r</strong></span> <span class='ocrx_word' id='word_1_50' title='bbox 3800 1319 3818 1348; x_wconf 94' lang='lat'>,</span> 
     </span>
     <span class='ocr_line' id='line_1_7' title="bbox 780 1376 2154 1466; baseline 0.002 -16"><span class='ocrx_word' id='word_1_51' title='bbox 780 1377 1021 1452; x_wconf 84' lang='lat' dir='ltr'><strong>diebus</strong></span> <span class='ocrx_word' id='word_1_52' title='bbox 1070 1377 1257 1450; x_wconf 84' lang='lat' dir='ltr'><strong>Iovis</strong></span> <span class='ocrx_word' id='word_1_53' title='bbox 1308 1385 1381 1451; x_wconf 90' lang='lat' dir='ltr'><strong>et</strong></span> <span class='ocrx_word' id='word_1_54' title='bbox 1431 1376 1715 1452; x_wconf 88' lang='lat' dir='ltr'><strong>Veneris</strong></span> <span class='ocrx_word' id='word_1_55' title='bbox 1736 1435 1757 1466; x_wconf 95' lang='lat'><strong>,</strong></span> <span class='ocrx_word' id='word_1_56' title='bbox 1807 1378 1976 1453; x_wconf 87' lang='lat' dir='ltr'><strong>hora</strong></span> <span class='ocrx_word' id='word_1_57' title='bbox 2024 1376 2154 1453; x_wconf 90' lang='lat' dir='ltr'><strong>IX.</strong></span> 
     </span>
    </p>

    <p class='ocr_par' dir='ltr' id='par_1_4' title="bbox 778 1497 3814 1706">
     <span class='ocr_line' id='line_1_8' title="bbox 870 1497 3814 1597; baseline 0 -27"><span class='ocrx_word' id='word_1_58' title='bbox 870 1497 1231 1597; x_wconf 69' lang='lat' dir='ltr'><strong>Alyebram</strong></span> <span class='ocrx_word' id='word_1_59' title='bbox 1256 1555 1276 1585; x_wconf 94' lang='lat'><strong>,</strong></span> <span class='ocrx_word' id='word_1_60' title='bbox 1344 1499 1891 1573; x_wconf 79' lang='lat' dir='ltr'><strong>Stereometrt&#39;am</strong></span> <span class='ocrx_word' id='word_1_61' title='bbox 1948 1506 2022 1573; x_wconf 81' lang='lat' dir='ltr'><strong>et</strong></span> <span class='ocrx_word' id='word_1_62' title='bbox 2084 1499 2680 1597; x_wconf 66' lang='lat' dir='ltr'><strong>Diqonometriam</strong></span> <span class='ocrx_word' id='word_1_63' title='bbox 2743 1499 3166 1596; x_wconf 73' lang='lat' dir='ltr'><strong>ephaericata</strong></span> <span class='ocrx_word' id='word_1_64' title='bbox 3225 1497 3452 1587; x_wconf 91' lang='lat' dir='ltr'><strong>tradet</strong></span> <span class='ocrx_word' id='word_1_65' title='bbox 3507 1523 3570 1573; x_wconf 91' lang='lat' dir='ltr'><strong>c.</strong></span> <span class='ocrx_word' id='word_1_66' title='bbox 3627 1523 3696 1570; x_wconf 79' lang='lat' dir='ltr'><strong>n.</strong></span> <span class='ocrx_word' id='word_1_67' title='bbox 3745 1521 3814 1570; x_wconf 84' lang='lat' dir='ltr'><strong>n.</strong></span> 
     </span>
     <span class='ocr_line' id='line_1_9' title="bbox 778 1616 3540 1706; baseline 0.001 -16"><span class='ocrx_word' id='word_1_68' title='bbox 778 1641 951 1694; x_wconf 75' lang='lat' dir='ltr'><strong>nure</strong></span> <span class='ocrx_word' id='word_1_69' title='bbox 992 1641 1313 1706; x_wconf 60' lang='lat' dir='ltr'><strong>aanor,</strong></span> <span class='ocrx_word' id='word_1_70' title='bbox 1365 1616 1613 1692; x_wconf 82' lang='lat' dir='ltr'><strong>diebus</strong></span> <span class='ocrx_word' id='word_1_71' title='bbox 1663 1618 1943 1706; x_wconf 90' lang='lat' dir='ltr'><strong>Lunae,</strong></span> <span class='ocrx_word' id='word_1_72' title='bbox 1992 1617 2291 1706; x_wconf 77' lang='lat' dir='ltr'><strong>Martia,</strong></span> <span class='ocrx_word' id='word_1_73' title='bbox 2343 1619 2676 1692; x_wconf 85' lang='lat' dir='ltr'><strong>Mercurii</strong></span> <span class='ocrx_word' id='word_1_74' title='bbox 2725 1627 2796 1692; x_wconf 92' lang='lat' dir='ltr'><strong>et</strong></span> <span class='ocrx_word' id='word_1_75' title='bbox 2844 1617 3067 1705; x_wconf 82' lang='lat' dir='ltr'><strong>Iovis,</strong></span> <span class='ocrx_word' id='word_1_76' title='bbox 3123 1617 3286 1692; x_wconf 88' lang='lat' dir='ltr'><strong>hora</strong></span> <span class='ocrx_word' id='word_1_77' title='bbox 3336 1616 3540 1694; x_wconf 91' lang='lat' dir='ltr'><strong>VIII.</strong></span> 
     </span>
    </p>

    <p class='ocr_par' dir='ltr' id='par_1_5' title="bbox 778 1737 3818 1945">
     <span class='ocr_line' id='line_1_10' title="bbox 885 1737 3818 1834; baseline 0.001 -26"><span class='ocrx_word' id='word_1_78' title='bbox 885 1737 1221 1810; x_wconf 69' lang='lat' dir='ltr'><strong>Calc-ulum</strong></span> <span class='ocrx_word' id='word_1_79' title='bbox 1280 1737 1803 1833; x_wconf 64' lang='lat' dir='ltr'><strong>dtjfferentialem</strong></span> <span class='ocrx_word' id='word_1_80' title='bbox 1876 1743 1947 1810; x_wconf 82' lang='lat' dir='ltr'><strong>et</strong></span> <span class='ocrx_word' id='word_1_81' title='bbox 2018 1737 2413 1834; x_wconf 64' lang='lat' dir='ltr'><strong>inteyralem</strong></span> <span class='ocrx_word' id='word_1_82' title='bbox 2489 1743 2786 1834; x_wconf 85' lang='lat' dir='ltr'><strong>exponet</strong></span> <span class='ocrx_word' id='word_1_83' title='bbox 2849 1763 2911 1812; x_wconf 90' lang='lat' dir='ltr'><strong>c.</strong></span> <span class='ocrx_word' id='word_1_84' title='bbox 2977 1763 3050 1812; x_wconf 77' lang='grc' dir='ltr'><strong>Η.</strong></span> <span class='ocrx_word' id='word_1_85' title='bbox 3125 1763 3194 1812; x_wconf 87' lang='lat' dir='ltr'><strong>n.</strong></span> <span class='ocrx_word' id='word_1_86' title='bbox 3263 1763 3442 1813; x_wconf 73' lang='lat' dir='ltr'><strong>Burs</strong></span> <span class='ocrx_word' id='word_1_87' title='bbox 3493 1763 3818 1826; x_wconf 71' lang='lat' dir='ltr'><strong>BALno&#39;r,</strong></span> 
     </span>
     <span class='ocr_line' id='line_1_11' title="bbox 778 1853 2869 1945; baseline 0 -17"><span class='ocrx_word' id='word_1_88' title='bbox 778 1854 1019 1930; x_wconf 80' lang='lat' dir='ltr'><strong>diebus</strong></span> <span class='ocrx_word' id='word_1_89' title='bbox 1065 1855 1348 1944; x_wconf 90' lang='lat' dir='ltr'><strong>Lunae,</strong></span> <span class='ocrx_word' id='word_1_90' title='bbox 1400 1854 1692 1945; x_wconf 77' lang='lat' dir='ltr'><strong>Martie,</strong></span> <span class='ocrx_word' id='word_1_91' title='bbox 1746 1855 1930 1928; x_wconf 85' lang='lat' dir='ltr'><strong>Iovis</strong></span> <span class='ocrx_word' id='word_1_92' title='bbox 1978 1861 2049 1929; x_wconf 93' lang='lat' dir='ltr'><strong>et</strong></span> <span class='ocrx_word' id='word_1_93' title='bbox 2102 1853 2428 1942; x_wconf 74' lang='lat' dir='ltr'><strong>Veneria,</strong></span> <span class='ocrx_word' id='word_1_94' title='bbox 2478 1855 2648 1928; x_wconf 92' lang='lat' dir='ltr'><strong>hora</strong></span> <span class='ocrx_word' id='word_1_95' title='bbox 2695 1853 2869 1928; x_wconf 89' lang='lat' dir='ltr'><strong>XII.</strong></span> 
     </span>
    </p>

    <p class='ocr_par' dir='ltr' id='par_1_6' title="bbox 779 1973 3819 2183">
     <span class='ocr_line' id='line_1_12' title="bbox 868 1973 3819 2062; baseline 0 -14"><span class='ocrx_word' id='word_1_96' title='bbox 868 1977 1229 2050; x_wconf 75' lang='lat' dir='ltr'><strong>Elementa</strong></span> <span class='ocrx_word' id='word_1_97' title='bbox 1300 1977 1695 2051; x_wconf 69' lang='lat' dir='ltr'><strong>Matkeseos</strong></span> <span class='ocrx_word' id='word_1_98' title='bbox 1768 1974 2045 2050; x_wconf 88' lang='lat' dir='ltr'><strong>docebit</strong></span> <span class='ocrx_word' id='word_1_99' title='bbox 2108 1997 2187 2049; x_wconf 76' lang='grc' dir='ltr'><strong>Μ.</strong></span> <span class='ocrx_word' id='word_1_100' title='bbox 2242 1997 2485 2062; x_wconf 74' lang='lat' dir='ltr'><strong>nonx,</strong></span> <span class='ocrx_word' id='word_1_101' title='bbox 2553 1973 2802 2048; x_wconf 87' lang='lat' dir='ltr'><strong>diebus</strong></span> <span class='ocrx_word' id='word_1_102' title='bbox 2863 1975 3104 2049; x_wconf 87' lang='lat' dir='ltr'><strong>Lunae</strong></span> <span class='ocrx_word' id='word_1_103' title='bbox 3163 1985 3232 2048; x_wconf 91' lang='lat' dir='ltr'><strong>et</strong></span> <span class='ocrx_word' id='word_1_104' title='bbox 3283 1974 3602 2060; x_wconf 88' lang='lat' dir='ltr'><strong>Saturni,</strong></span> <span class='ocrx_word' id='word_1_105' title='bbox 3653 1974 3819 2048; x_wconf 90' lang='lat' dir='ltr'><strong>hora</strong></span> 
     </span>
     <span class='ocr_line' id='line_1_13' title="bbox 779 2092 2473 2183; baseline 0 -15"><span class='ocrx_word' id='word_1_106' title='bbox 779 2093 924 2183; x_wconf 89' lang='lat' dir='ltr'><strong>IX,</strong></span> <span class='ocrx_word' id='word_1_107' title='bbox 979 2094 1231 2170; x_wconf 83' lang='lat' dir='ltr'><strong>diebus</strong></span> <span class='ocrx_word' id='word_1_108' title='bbox 1280 2096 1610 2170; x_wconf 85' lang='lat' dir='ltr'><strong>Mercurii</strong></span> <span class='ocrx_word' id='word_1_109' title='bbox 1658 2104 1732 2170; x_wconf 92' lang='lat' dir='ltr'><strong>et</strong></span> <span class='ocrx_word' id='word_1_110' title='bbox 1776 2094 2001 2183; x_wconf 81' lang='lat' dir='ltr'><strong>Iovis,</strong></span> <span class='ocrx_word' id='word_1_111' title='bbox 2052 2093 2218 2169; x_wconf 90' lang='lat' dir='ltr'><strong>hora</strong></span> <span class='ocrx_word' id='word_1_112' title='bbox 2266 2092 2473 2168; x_wconf 86' lang='lat' dir='ltr'><strong>VIII.</strong></span> 
     </span>
    </p>

    <p class='ocr_par' dir='ltr' id='par_1_7' title="bbox 781 2213 3818 2410">
     <span class='ocr_line' id='line_1_14' title="bbox 874 2213 3818 2322; baseline -0.001 -32"><span class='ocrx_word' id='word_1_113' title='bbox 874 2217 1365 2290; x_wconf 74' lang='lat' dir='ltr'><strong>Astronomiam</strong></span> <span class='ocrx_word' id='word_1_114' title='bbox 1394 2217 1795 2314; x_wconf 64' lang='lat' dir='ltr'><strong>mularem</strong></span> <span class='ocrx_word' id='word_1_115' title='bbox 1832 2225 2129 2313; x_wconf 86' lang='lat' dir='ltr'><strong>exponet</strong></span> <span class='ocrx_word' id='word_1_116' title='bbox 2171 2239 2247 2289; x_wconf 76' lang='lat' dir='ltr'><strong>u.</strong></span> <span class='ocrx_word' id='word_1_117' title='bbox 2290 2238 2531 2301; x_wconf 67' lang='lat' dir='ltr'><strong>noan,</strong></span> <span class='ocrx_word' id='word_1_118' title='bbox 2583 2213 2696 2287; x_wconf 83' lang='lat' dir='ltr'><strong>die</strong></span> <span class='ocrx_word' id='word_1_119' title='bbox 2742 2213 3024 2300; x_wconf 86' lang='lat' dir='ltr'><strong>Lunae,</strong></span> <span class='ocrx_word' id='word_1_120' title='bbox 3079 2213 3243 2286; x_wconf 87' lang='lat' dir='ltr'><strong>hora</strong></span> <span class='ocrx_word' id='word_1_121' title='bbox 3283 2213 3393 2301; x_wconf 91' lang='lat' dir='ltr'><strong>X,</strong></span> <span class='ocrx_word' id='word_1_122' title='bbox 3445 2213 3818 2322; x_wconf 29' lang='lat' dir='ltr'><strong>die-loviS,</strong></span> 
     </span>
     <span class='ocr_line' id='line_1_15' title="bbox 781 2332 1119 2410; baseline 0.012 -4"><span class='ocrx_word' id='word_1_123' title='bbox 781 2332 939 2409; x_wconf 87' lang='lat' dir='ltr'><strong>hora</strong></span> <span class='ocrx_word' id='word_1_124' title='bbox 986 2333 1119 2410; x_wconf 91' lang='lat' dir='ltr'><strong>IX.</strong></span> 
     </span>
    </p>

    <p class='ocr_par' dir='ltr' id='par_1_8' title="bbox 872 2451 3813 2544">
     <span class='ocr_line' id='line_1_16' title="bbox 872 2451 3813 2544; baseline 0.001 -18"><span class='ocrx_word' id='word_1_125' title='bbox 872 2457 1359 2529; x_wconf 77' lang='lat' dir='ltr'><strong>Aetronomiam</strong></span> <span class='ocrx_word' id='word_1_126' title='bbox 1384 2456 1815 2530; x_wconf 73' lang='lat' dir='ltr'><strong>theoreticam</strong></span> <span class='ocrx_word' id='word_1_127' title='bbox 1840 2456 2065 2531; x_wconf 90' lang='lat' dir='ltr'><strong>tradet</strong></span> <span class='ocrx_word' id='word_1_128' title='bbox 2088 2481 2165 2531; x_wconf 78' lang='lat' dir='ltr'><strong>M.</strong></span> <span class='ocrx_word' id='word_1_129' title='bbox 2195 2478 2398 2530; x_wconf 64' lang='lat' dir='ltr'><strong>nom&lt;</strong></span> <span class='ocrx_word' id='word_1_130' title='bbox 2418 2514 2439 2544; x_wconf 94' lang='lat'><strong>,</strong></span> <span class='ocrx_word' id='word_1_131' title='bbox 2463 2455 2710 2528; x_wconf 82' lang='lat' dir='ltr'><strong>diebus</strong></span> <span class='ocrx_word' id='word_1_132' title='bbox 2733 2453 2982 2528; x_wconf 86' lang='lat' dir='ltr'><strong>Martis</strong></span> <span class='ocrx_word' id='word_1_133' title='bbox 3005 2461 3074 2528; x_wconf 88' lang='lat' dir='ltr'><strong>et</strong></span> <span class='ocrx_word' id='word_1_134' title='bbox 3095 2452 3465 2539; x_wconf 89' lang='lat' dir='ltr'><strong>Mercurii,</strong></span> <span class='ocrx_word' id='word_1_135' title='bbox 3484 2452 3650 2526; x_wconf 91' lang='lat' dir='ltr'><strong>hora</strong></span> <span class='ocrx_word' id='word_1_136' title='bbox 3682 2451 3813 2528; x_wconf 91' lang='lat' dir='ltr'><strong>IX.</strong></span> 
     </span>
    </p>

    <p class='ocr_par' dir='ltr' id='par_1_9' title="bbox 878 2571 3678 2674">
     <span class='ocr_line' id='line_1_17' title="bbox 878 2571 3678 2674; baseline 0 -27"><span class='ocrx_word' id='word_1_137' title='bbox 878 2577 1368 2649; x_wconf 71' lang='lat' dir='ltr'><strong>Astronomt&#39;am</strong></span> <span class='ocrx_word' id='word_1_138' title='bbox 1407 2579 1786 2674; x_wconf 80' lang='lat' dir='ltr'><strong>practicam</strong></span> <span class='ocrx_word' id='word_1_139' title='bbox 1837 2577 2062 2652; x_wconf 90' lang='lat' dir='ltr'><strong>tradet</strong></span> <span class='ocrx_word' id='word_1_140' title='bbox 2107 2601 2187 2652; x_wconf 73' lang='grc' dir='ltr'><strong>Μ.</strong></span> <span class='ocrx_word' id='word_1_141' title='bbox 2241 2599 2446 2651; x_wconf 72' lang='lat' dir='ltr'><strong>nonx</strong></span> <span class='ocrx_word' id='word_1_142' title='bbox 2466 2635 2486 2663; x_wconf 94' lang='lat'>,</span> <span class='ocrx_word' id='word_1_143' title='bbox 2536 2575 2650 2651; x_wconf 89' lang='lat' dir='ltr'><strong>die</strong></span> <span class='ocrx_word' id='word_1_144' title='bbox 2696 2573 2986 2648; x_wconf 87' lang='lat' dir='ltr'><strong>Veneris</strong></span> <span class='ocrx_word' id='word_1_145' title='bbox 3009 2631 3028 2660; x_wconf 92' lang='lat'>,</span> <span class='ocrx_word' id='word_1_146' title='bbox 3081 2572 3247 2646; x_wconf 88' lang='lat' dir='ltr'><strong>hora</strong></span> <span class='ocrx_word' id='word_1_147' title='bbox 3296 2571 3446 2645; x_wconf 93' lang='lat' dir='ltr'><strong>XII</strong></span> <span class='ocrx_word' id='word_1_148' title='bbox 3497 2580 3568 2646; x_wconf 88' lang='lat' dir='ltr'><strong>et</strong></span> <span class='ocrx_word' id='word_1_149' title='bbox 3617 2573 3678 2648; x_wconf 91' lang='lat' dir='ltr'><strong>I.</strong></span> 
     </span>
    </p>

    <p class='ocr_par' dir='ltr' id='par_1_10' title="bbox 874 2695 2998 2796">
     <span class='ocr_line' id='line_1_18' title="bbox 874 2695 2998 2796; baseline 0.001 -32"><span class='ocrx_word' id='word_1_150' title='bbox 874 2695 1065 2768; x_wconf 71' lang='lat' dir='ltr'><strong>Artis</strong></span> <span class='ocrx_word' id='word_1_151' title='bbox 1108 2696 1507 2770; x_wconf 73' lang='lat' dir='ltr'><strong>observandi</strong></span> <span class='ocrx_word' id='word_1_152' title='bbox 1544 2699 1892 2771; x_wconf 76' lang='lat' dir='ltr'><strong>eoeercitiie</strong></span> <span class='ocrx_word' id='word_1_153' title='bbox 1936 2696 2248 2796; x_wconf 91' lang='lat' dir='ltr'><strong>quotidie</strong></span> <span class='ocrx_word' id='word_1_154' title='bbox 2296 2695 2592 2796; x_wconf 87' lang='lat' dir='ltr'><strong>praeerit</strong></span> <span class='ocrx_word' id='word_1_155' title='bbox 2641 2719 2718 2770; x_wconf 73' lang='lat' dir='ltr'><strong>n.</strong></span> <span class='ocrx_word' id='word_1_156' title='bbox 2772 2716 2998 2767; x_wconf 78' lang='lat' dir='ltr'><strong>nonx.</strong></span> 
     </span>
    </p>

    <p class='ocr_par' dir='ltr' id='par_1_11' title="bbox 781 2811 3812 3014">
     <span class='ocr_line' id='line_1_19' title="bbox 871 2811 3812 2915; baseline -0.001 -28"><span class='ocrx_word' id='word_1_157' title='bbox 871 2815 1273 2890; x_wconf 73' lang='lat' dir='ltr'><strong>Bolanicam</strong></span> <span class='ocrx_word' id='word_1_158' title='bbox 1338 2819 1725 2915; x_wconf 68' lang='lat' dir='ltr'><strong>yeneralem</strong></span> <span class='ocrx_word' id='word_1_159' title='bbox 1794 2817 2071 2892; x_wconf 88' lang='lat' dir='ltr'><strong>docebit</strong></span> <span class='ocrx_word' id='word_1_160' title='bbox 2128 2841 2190 2892; x_wconf 70' lang='lat'><strong>1³.</strong></span> <span class='ocrx_word' id='word_1_161' title='bbox 2252 2842 2322 2892; x_wconf 91' lang='lat' dir='ltr'><strong>A.</strong></span> <span class='ocrx_word' id='word_1_162' title='bbox 2387 2842 2457 2892; x_wconf 79' lang='lat' dir='ltr'><strong>o.</strong></span> <span class='ocrx_word' id='word_1_163' title='bbox 2519 2839 2843 2905; x_wconf 65' lang='lat' dir='ltr'><strong>mauu,</strong></span> <span class='ocrx_word' id='word_1_164' title='bbox 2909 2812 3158 2888; x_wconf 83' lang='lat' dir='ltr'><strong>diebus</strong></span> <span class='ocrx_word' id='word_1_165' title='bbox 3211 2812 3450 2886; x_wconf 89' lang='lat' dir='ltr'><strong>Lunae</strong></span> <span class='ocrx_word' id='word_1_166' title='bbox 3503 2819 3573 2884; x_wconf 91' lang='lat' dir='ltr'><strong>et</strong></span> <span class='ocrx_word' id='word_1_167' title='bbox 3627 2811 3812 2884; x_wconf 91' lang='lat' dir='ltr'><strong>Mer-</strong></span> 
     </span>
     <span class='ocr_line' id='line_1_20' title="bbox 781 2934 2257 3028; baseline 0.001 -19"><span class='ocrx_word' id='word_1_168' title='bbox 781 2934 983 3024; x_wconf 88' lang='lat' dir='ltr'><strong>curii,</strong></span> <span class='ocrx_word' id='word_1_169' title='bbox 1032 2936 1200 3011; x_wconf 89' lang='lat' dir='ltr'><strong>hora</strong></span> <span class='ocrx_word' id='word_1_170' title='bbox 1248 2935 1357 3025; x_wconf 90' lang='lat' dir='ltr'><strong>X,</strong></span> <span class='ocrx_word' id='word_1_171' title='bbox 1407 2937 1521 3012; x_wconf 89' lang='lat' dir='ltr'><strong>die</strong></span> <span class='ocrx_word' id='word_1_172' title='bbox 1568 2937 1858 3028; x_wconf 78' lang='lat' dir='ltr'><strong>Martie,</strong></span> <span class='ocrx_word' id='word_1_173' title='bbox 1910 2938 2076 3014; x_wconf 88' lang='lat' dir='ltr'><strong>hora</strong></span> <span class='ocrx_word' id='word_1_174' title='bbox 2126 2937 2257 3015; x_wconf 93' lang='lat' dir='ltr'><strong>XI.</strong></span> 
     </span>
    </p>

    <p class='ocr_par' dir='ltr' id='par_1_12' title="bbox 777 2995 3815 3278">
     <span class='ocr_line' id='line_1_21' title="bbox 880 2995 3815 3159; baseline -0.002 -31"><span class='ocrx_word' id='word_1_175' title='bbox 880 3054 1379 3157; x_wconf 71' lang='lat' dir='ltr'><strong>Pbyeioloyiam</strong></span> <span class='ocrx_word' id='word_1_176' title='bbox 1430 3060 1831 3159; x_wconf 77' lang='lat' dir='ltr'><strong>plantarum</strong></span> <span class='ocrx_word' id='word_1_177' title='bbox 1880 3058 2109 3133; x_wconf 88' lang='lat' dir='ltr'><strong>tradet</strong></span> <span class='ocrx_word' id='word_1_178' title='bbox 2162 3079 2858 3144; x_wconf 75' lang='lat' dir='ltr'><strong>r.A.a.u10m·:1‚</strong></span> <span class='ocrx_word' id='word_1_179' title='bbox 2925 3055 3038 3129; x_wconf 90' lang='lat' dir='ltr'><strong>die</strong></span> <span class='ocrx_word' id='word_1_180' title='bbox 3085 3052 3416 3140; x_wconf 79' lang='lat' dir='ltr'><strong>Veneria,</strong></span> <span class='ocrx_word' id='word_1_181' title='bbox 3466 2995 3632 3127; x_wconf 84' lang='lat' dir='ltr'><strong>hora</strong></span> <span class='ocrx_word' id='word_1_182' title='bbox 3681 3050 3815 3127; x_wconf 92' lang='lat' dir='ltr'><strong>XI.</strong></span> 
     </span>
     <span class='ocr_line' id='line_1_22' title="bbox 777 3172 3506 3278; baseline 0.001 -33"><span class='ocrx_word' id='word_1_183' title='bbox 777 3172 971 3247; x_wconf 91' lang='lat' dir='ltr'><strong>Idem</strong></span> <span class='ocrx_word' id='word_1_184' title='bbox 1022 3177 1627 3253; x_wconf 83' lang='lat' dir='ltr'><strong>exercitationibus</strong></span> <span class='ocrx_word' id='word_1_185' title='bbox 1678 3178 2167 3278; x_wconf 82' lang='lat' dir='ltr'><strong>phytotomicie</strong></span> <span class='ocrx_word' id='word_1_186' title='bbox 2218 3178 2514 3277; x_wconf 88' lang='lat' dir='ltr'><strong>praeerit</strong></span> <span class='ocrx_word' id='word_1_187' title='bbox 2561 3177 2748 3250; x_wconf 83' lang='lat' dir='ltr'><strong>horis</strong></span> <span class='ocrx_word' id='word_1_188' title='bbox 2798 3174 3050 3248; x_wconf 92' lang='lat' dir='ltr'><strong>deinde</strong></span> <span class='ocrx_word' id='word_1_189' title='bbox 3098 3172 3506 3248; x_wconf 79' lang='lat' dir='ltr'><strong>indicandis,</strong></span> 
     </span>
    </p>

    <p class='ocr_par' dir='ltr' id='par_1_13' title="bbox 778 3292 3816 3504">
     <span class='ocr_line' id='line_1_23' title="bbox 872 3292 3816 3395; baseline -0.002 -28"><span class='ocrx_word' id='word_1_190' title='bbox 872 3294 1285 3371; x_wconf 80' lang='lat' dir='ltr'><strong>Plantarum</strong></span> <span class='ocrx_word' id='word_1_191' title='bbox 1332 3300 1757 3395; x_wconf 80' lang='lat' dir='ltr'><strong>officinalium</strong></span> <span class='ocrx_word' id='word_1_192' title='bbox 1807 3300 2157 3373; x_wconf 70' lang='lat' dir='ltr'><strong>historiam</strong></span> <span class='ocrx_word' id='word_1_193' title='bbox 2206 3304 2502 3395; x_wconf 87' lang='lat' dir='ltr'><strong>exponet</strong></span> <span class='ocrx_word' id='word_1_194' title='bbox 2545 3320 2606 3368; x_wconf 76' lang='lat' dir='ltr'><strong>r.</strong></span> <span class='ocrx_word' id='word_1_195' title='bbox 2656 3319 2724 3371; x_wconf 84' lang='lat' dir='ltr'><strong>A.</strong></span> <span class='ocrx_word' id='word_1_196' title='bbox 2772 3320 2840 3370; x_wconf 77' lang='lat' dir='ltr'><strong>e.</strong></span> <span class='ocrx_word' id='word_1_197' title='bbox 2889 3317 3208 3382; x_wconf 64' lang='lat' dir='ltr'><strong>monac,</strong></span> <span class='ocrx_word' id='word_1_198' title='bbox 3274 3292 3522 3366; x_wconf 84' lang='lat' dir='ltr'><strong>diebus</strong></span> <span class='ocrx_word' id='word_1_199' title='bbox 3577 3292 3816 3363; x_wconf 89' lang='lat' dir='ltr'><strong>Lunae</strong></span> 
     </span>
     <span class='ocr_line' id='line_1_24' title="bbox 778 3414 1584 3504; baseline 0.009 -19"><span class='ocrx_word' id='word_1_200' title='bbox 778 3419 847 3485; x_wconf 91' lang='lat' dir='ltr'><strong>et</strong></span> <span class='ocrx_word' id='word_1_201' title='bbox 890 3414 1179 3504; x_wconf 79' lang='lat' dir='ltr'><strong>Martia,</strong></span> <span class='ocrx_word' id='word_1_202' title='bbox 1232 3418 1398 3492; x_wconf 90' lang='lat' dir='ltr'><strong>hora</strong></span> <span class='ocrx_word' id='word_1_203' title='bbox 1449 3420 1584 3493; x_wconf 92' lang='lat' dir='ltr'><strong>III.</strong></span> 
     </span>
    </p>

    <p class='ocr_par' dir='ltr' id='par_1_14' title="bbox 888 3531 3814 3624">
     <span class='ocr_line' id='line_1_25' title="bbox 888 3531 3814 3624; baseline 0 -17"><span class='ocrx_word' id='word_1_204' title='bbox 888 3536 1347 3611; x_wconf 85' lang='lat' dir='ltr'><strong>Oeconomiam</strong></span> <span class='ocrx_word' id='word_1_205' title='bbox 1372 3542 1667 3614; x_wconf 82' lang='lat' dir='ltr'><strong>ruralem</strong></span> <span class='ocrx_word' id='word_1_206' title='bbox 1692 3538 1969 3613; x_wconf 90' lang='lat' dir='ltr'><strong>docebit</strong></span> <span class='ocrx_word' id='word_1_207' title='bbox 1995 3562 2055 3613; x_wconf 77' lang='lat' dir='ltr'><strong>r.</strong></span> <span class='ocrx_word' id='word_1_208' title='bbox 2080 3562 2146 3611; x_wconf 84' lang='lat' dir='ltr'><strong>A.</strong></span> <span class='ocrx_word' id='word_1_209' title='bbox 2170 3562 2238 3611; x_wconf 81' lang='lat' dir='ltr'><strong>c.</strong></span> <span class='ocrx_word' id='word_1_210' title='bbox 2262 3561 2579 3624; x_wconf 65' lang='lat' dir='ltr'><strong>unauna,</strong></span> <span class='ocrx_word' id='word_1_211' title='bbox 2614 3535 2862 3609; x_wconf 80' lang='lat' dir='ltr'><strong>diebus</strong></span> <span class='ocrx_word' id='word_1_212' title='bbox 2878 3534 3118 3609; x_wconf 89' lang='lat' dir='ltr'><strong>Lunae</strong></span> <span class='ocrx_word' id='word_1_213' title='bbox 3137 3541 3208 3607; x_wconf 88' lang='lat' dir='ltr'><strong>et</strong></span> <span class='ocrx_word' id='word_1_214' title='bbox 3231 3532 3513 3619; x_wconf 75' lang='lat' dir='ltr'><strong>Martie,</strong></span> <span class='ocrx_word' id='word_1_215' title='bbox 3540 3532 3706 3607; x_wconf 87' lang='lat' dir='ltr'><strong>hora</strong></span> <span class='ocrx_word' id='word_1_216' title='bbox 3719 3531 3814 3607; x_wconf 93' lang='lat' dir='ltr'><strong>X.</strong></span> 
     </span>
    </p>

    <p class='ocr_par' dir='ltr' id='par_1_15' title="bbox 776 3651 3806 3862">
     <span class='ocr_line' id='line_1_26' title="bbox 870 3651 3806 3755; baseline -0.001 -30"><span class='ocrx_word' id='word_1_217' title='bbox 870 3652 1395 3753; x_wconf 70' lang='lat' dir='ltr'><strong>Mineraloyiam</strong></span> <span class='ocrx_word' id='word_1_218' title='bbox 1462 3666 1533 3733; x_wconf 90' lang='lat' dir='ltr'><strong>et</strong></span> <span class='ocrx_word' id='word_1_219' title='bbox 1603 3660 1986 3755; x_wconf 69' lang='lat' dir='ltr'><strong>Geoloyiam</strong></span> <span class='ocrx_word' id='word_1_220' title='bbox 2054 3654 2279 3731; x_wconf 87' lang='lat' dir='ltr'><strong>tradet</strong></span> <span class='ocrx_word' id='word_1_221' title='bbox 2338 3680 2400 3731; x_wconf 72' lang='lat' dir='ltr'><strong>r.</strong></span> <span class='ocrx_word' id='word_1_222' title='bbox 2469 3680 2535 3729; x_wconf 80' lang='lat' dir='ltr'><strong>A.</strong></span> <span class='ocrx_word' id='word_1_223' title='bbox 2599 3662 2670 3728; x_wconf 77' lang='grc' dir='ltr'><strong>ὀ.</strong></span> <span class='ocrx_word' id='word_1_224' title='bbox 2733 3678 3051 3740; x_wconf 61' lang='lat' dir='ltr'><strong>mount„</strong></span> <span class='ocrx_word' id='word_1_225' title='bbox 3121 3651 3370 3726; x_wconf 89' lang='lat' dir='ltr'><strong>diebus</strong></span> <span class='ocrx_word' id='word_1_226' title='bbox 3433 3652 3670 3726; x_wconf 91' lang='lat' dir='ltr'><strong>Lunae</strong></span> <span class='ocrx_word' id='word_1_227' title='bbox 3735 3659 3806 3724; x_wconf 90' lang='lat' dir='ltr'><strong>et</strong></span> 
     </span>
     <span class='ocr_line' id='line_1_27' title="bbox 776 3770 1509 3862; baseline 0.012 -20"><span class='ocrx_word' id='word_1_228' title='bbox 776 3770 1145 3862; x_wconf 90' lang='lat' dir='ltr'><strong>Mercurii,</strong></span> <span class='ocrx_word' id='word_1_229' title='bbox 1197 3775 1363 3850; x_wconf 89' lang='lat' dir='ltr'><strong>hora</strong></span> <span class='ocrx_word' id='word_1_230' title='bbox 1410 3778 1509 3852; x_wconf 88' lang='lat'><strong>11.</strong></span> 
     </span>
    </p>

    <p class='ocr_par' dir='ltr' id='par_1_16' title="bbox 776 3890 3810 4103">
     <span class='ocr_line' id='line_1_28' title="bbox 872 3890 3810 3996; baseline -0.001 -33"><span class='ocrx_word' id='word_1_231' title='bbox 872 3890 1482 3993; x_wconf 69' lang='lat' dir='ltr'><strong>Pbyeioyraplaeiam</strong></span> <span class='ocrx_word' id='word_1_232' title='bbox 1532 3898 1921 3996; x_wconf 64' lang='lat' dir='ltr'><strong>yeneralern</strong></span> <span class='ocrx_word' id='word_1_233' title='bbox 1995 3898 2400 3971; x_wconf 80' lang='lat' dir='ltr'><strong>coloniarum</strong></span> <span class='ocrx_word' id='word_1_234' title='bbox 2469 3896 3085 3969; x_wconf 73' lang='lat' dir='ltr'><strong>indo-orientalium</strong></span> <span class='ocrx_word' id='word_1_235' title='bbox 3140 3914 3478 3989; x_wconf 85' lang='lat' dir='ltr'><strong>exponere</strong></span> <span class='ocrx_word' id='word_1_236' title='bbox 3531 3897 3810 3989; x_wconf 83' lang='lat' dir='ltr'><strong>paratus</strong></span> 
     </span>
     <span class='ocr_line' id='line_1_29' title="bbox 776 4014 2745 4103; baseline 0.003 -21"><span class='ocrx_word' id='word_1_237' title='bbox 776 4017 881 4083; x_wconf 84' lang='lat' dir='ltr'><strong>est</strong></span> <span class='ocrx_word' id='word_1_238' title='bbox 929 4036 989 4086; x_wconf 75' lang='lat' dir='ltr'><strong>r.</strong></span> <span class='ocrx_word' id='word_1_239' title='bbox 1044 4036 1114 4088; x_wconf 92' lang='lat' dir='ltr'><strong>A.</strong></span> <span class='ocrx_word' id='word_1_240' title='bbox 1170 4038 1239 4087; x_wconf 78' lang='lat' dir='ltr'><strong>o.</strong></span> <span class='ocrx_word' id='word_1_241' title='bbox 1291 4036 1615 4103; x_wconf 69' lang='lat' dir='ltr'><strong>maun,</strong></span> <span class='ocrx_word' id='word_1_242' title='bbox 1670 4015 1835 4090; x_wconf 90' lang='lat' dir='ltr'><strong>hora</strong></span> <span class='ocrx_word' id='word_1_243' title='bbox 1884 4014 2316 4089; x_wconf 87' lang='lat' dir='ltr'><strong>auditoribus</strong></span> <span class='ocrx_word' id='word_1_244' title='bbox 2364 4014 2745 4089; x_wconf 83' lang='lat' dir='ltr'><strong>commoda.</strong></span> 
     </span>
    </p>

    <p class='ocr_par' dir='ltr' id='par_1_17' title="bbox 774 4130 3808 4354">
     <span class='ocr_line' id='line_1_30' title="bbox 873 4130 3808 4233; baseline -0.001 -28"><span class='ocrx_word' id='word_1_245' title='bbox 873 4131 1008 4207; x_wconf 72' lang='grc' dir='ltr'><strong>ΤΗ.</strong></span> <span class='ocrx_word' id='word_1_246' title='bbox 1078 4158 1147 4207; x_wconf 84' lang='lat' dir='ltr'><strong>o.</strong></span> <span class='ocrx_word' id='word_1_247' title='bbox 1210 4156 1357 4207; x_wconf 76' lang='lat' dir='ltr'><strong>vAN</strong></span> <span class='ocrx_word' id='word_1_248' title='bbox 1417 4159 1645 4209; x_wconf 78' lang='lat' dir='ltr'><strong>mn&#39;m</strong></span> <span class='ocrx_word' id='word_1_249' title='bbox 1706 4158 1802 4209; x_wconf 75' lang='lat' dir='ltr'><strong>nn</strong></span> <span class='ocrx_word' id='word_1_250' title='bbox 1863 4144 2135 4223; x_wconf 66' lang='lat' dir='ltr'><strong>Jss‘unn,</strong></span> <span class='ocrx_word' id='word_1_251' title='bbox 2197 4159 2624 4233; x_wconf 89' lang='lat' dir='ltr'><strong>quamquam</strong></span> <span class='ocrx_word' id='word_1_252' title='bbox 2694 4134 2783 4208; x_wconf 90' lang='lat' dir='ltr'><strong>ob</strong></span> <span class='ocrx_word' id='word_1_253' title='bbox 2870 4142 3162 4207; x_wconf 86' lang='lat' dir='ltr'><strong>aetatem</strong></span> <span class='ocrx_word' id='word_1_254' title='bbox 3233 4130 3407 4205; x_wconf 91' lang='lat' dir='ltr'><strong>rude</strong></span> <span class='ocrx_word' id='word_1_255' title='bbox 3477 4130 3808 4214; x_wconf 74' lang='lat' dir='ltr'><strong>donatae,</strong></span> 
     </span>
     <span class='ocr_line' id='line_1_31' title="bbox 774 4248 3332 4354; baseline 0.001 -30"><span class='ocrx_word' id='word_1_256' title='bbox 774 4248 1036 4326; x_wconf 85' lang='lat' dir='ltr'><strong>civibus</strong></span> <span class='ocrx_word' id='word_1_257' title='bbox 1087 4261 1319 4327; x_wconf 87' lang='lat' dir='ltr'><strong>tamen</strong></span> <span class='ocrx_word' id='word_1_258' title='bbox 1368 4254 1819 4344; x_wconf 73' lang='lat' dir='ltr'><strong>academiciS,</strong></span> <span class='ocrx_word' id='word_1_259' title='bbox 1870 4267 2213 4354; x_wconf 89' lang='lat' dir='ltr'><strong>quantum</strong></span> <span class='ocrx_word' id='word_1_260' title='bbox 2261 4256 2528 4343; x_wconf 89' lang='lat' dir='ltr'><strong>licebit,</strong></span> <span class='ocrx_word' id='word_1_261' title='bbox 2581 4254 2902 4352; x_wconf 83' lang='lat' dir='ltr'><strong>prodesse</strong></span> <span class='ocrx_word' id='word_1_262' title='bbox 2951 4251 3332 4326; x_wconf 85' lang='lat' dir='ltr'><strong>conabitur.</strong></span> 
     </span>
    </p>

    <p class='ocr_par' dir='ltr' id='par_1_18' title="bbox 774 4370 3808 4594">
     <span class='ocr_line' id='line_1_32' title="bbox 884 4370 3808 4473; baseline 0 -32"><span class='ocrx_word' id='word_1_263' title='bbox 884 4372 1194 4447; x_wconf 74' lang='lat' dir='ltr'><strong>Chemiae</strong></span> <span class='ocrx_word' id='word_1_264' title='bbox 1236 4377 1785 4471; x_wconf 73' lang='lat' dir='ltr'><strong>eaperimentalie</strong></span> <span class='ocrx_word' id='word_1_265' title='bbox 1819 4386 1890 4450; x_wconf 88' lang='lat' dir='ltr'><strong>et</strong></span> <span class='ocrx_word' id='word_1_266' title='bbox 1926 4376 2333 4451; x_wconf 78' lang='lat' dir='ltr'><strong>theoreticae</strong></span> <span class='ocrx_word' id='word_1_267' title='bbox 2375 4384 2637 4473; x_wconf 88' lang='lat' dir='ltr'><strong>partem</strong></span> <span class='ocrx_word' id='word_1_268' title='bbox 2662 4432 2682 4461; x_wconf 93' lang='lat'>,</span> <span class='ocrx_word' id='word_1_269' title='bbox 2734 4399 2914 4472; x_wconf 83' lang='lat' dir='ltr'><strong>quae</strong></span> <span class='ocrx_word' id='word_1_270' title='bbox 2955 4400 2996 4447; x_wconf 88' lang='lat' dir='ltr'><strong>a</strong></span> <span class='ocrx_word' id='word_1_271' title='bbox 3043 4372 3372 4445; x_wconf 89' lang='lat' dir='ltr'><strong>Chemiae</strong></span> <span class='ocrx_word' id='word_1_272' title='bbox 3419 4370 3808 4445; x_wconf 85' lang='lat' dir='ltr'><strong>Professore</strong></span> 
     </span>
     <span class='ocr_line' id='line_1_33' title="bbox 774 4490 3440 4594; baseline 0.002 -34"><span class='ocrx_word' id='word_1_273' title='bbox 774 4511 909 4561; x_wconf 92' lang='lat' dir='ltr'><strong>non</strong></span> <span class='ocrx_word' id='word_1_274' title='bbox 960 4490 1295 4579; x_wconf 87' lang='lat' dir='ltr'><strong>traditur,</strong></span> <span class='ocrx_word' id='word_1_275' title='bbox 1346 4493 1590 4569; x_wconf 90' lang='lat' dir='ltr'><strong>docere</strong></span> <span class='ocrx_word' id='word_1_276' title='bbox 1636 4506 1919 4594; x_wconf 80' lang='lat' dir='ltr'><strong>paratus</strong></span> <span class='ocrx_word' id='word_1_277' title='bbox 1966 4503 2075 4569; x_wconf 79' lang='lat' dir='ltr'><strong>est</strong></span> <span class='ocrx_word' id='word_1_278' title='bbox 2124 4520 2172 4569; x_wconf 94' lang='lat'><strong>1.</strong></span> <span class='ocrx_word' id='word_1_279' title='bbox 2225 4520 2309 4569; x_wconf 84' lang='lat' dir='ltr'><strong>w.</strong></span> <span class='ocrx_word' id='word_1_280' title='bbox 2364 4517 2728 4581; x_wconf 61' lang='lat' dir='ltr'><strong>cunnum,</strong></span> <span class='ocrx_word' id='word_1_281' title='bbox 2781 4492 3110 4566; x_wconf 86' lang='lat' dir='ltr'><strong>Chemiae</strong></span> <span class='ocrx_word' id='word_1_282' title='bbox 3163 4492 3440 4565; x_wconf 88' lang='lat' dir='ltr'><strong>Lector.</strong></span> 
     </span>
    </p>

    <p class='ocr_par' dir='ltr' id='par_1_19' title="bbox 777 4606 3803 4810">
     <span class='ocr_line' id='line_1_34' title="bbox 874 4606 3803 4714; baseline -0.002 -32"><span class='ocrx_word' id='word_1_283' title='bbox 874 4610 1229 4708; x_wconf 72' lang='lat' dir='ltr'><strong>quienae</strong></span> <span class='ocrx_word' id='word_1_284' title='bbox 1285 4615 1601 4711; x_wconf 80' lang='lat' dir='ltr'><strong>publicae</strong></span> <span class='ocrx_word' id='word_1_285' title='bbox 1672 4616 1897 4714; x_wconf 89' lang='lat' dir='ltr'><strong>capita</strong></span> <span class='ocrx_word' id='word_1_286' title='bbox 1966 4616 2217 4693; x_wconf 85' lang='lat' dir='ltr'><strong>selecta</strong></span> <span class='ocrx_word' id='word_1_287' title='bbox 2262 4614 2585 4690; x_wconf 82' lang='lat' dir='ltr'><strong>tractabit</strong></span> <span class='ocrx_word' id='word_1_288' title='bbox 2632 4639 2678 4688; x_wconf 87' lang='lat'><strong>1.</strong></span> <span class='ocrx_word' id='word_1_289' title='bbox 2727 4638 2813 4688; x_wconf 90' lang='lat' dir='ltr'><strong>w.</strong></span> <span class='ocrx_word' id='word_1_290' title='bbox 2869 4636 3194 4687; x_wconf 57' lang='lat' dir='ltr'><strong>oumwmo</strong></span> <span class='ocrx_word' id='word_1_291' title='bbox 3219 4666 3238 4701; x_wconf 90' lang='lat'>‚</span> <span class='ocrx_word' id='word_1_292' title='bbox 3291 4609 3462 4684; x_wconf 89' lang='lat' dir='ltr'><strong>hora</strong></span> <span class='ocrx_word' id='word_1_293' title='bbox 3513 4606 3803 4705; x_wconf 89' lang='lat' dir='ltr'><strong>pomeri-</strong></span> 
     </span>
     <span class='ocr_line' id='line_1_35' title="bbox 777 4725 1894 4810; baseline 0.01 -11"><span class='ocrx_word' id='word_1_294' title='bbox 777 4725 981 4803; x_wconf 89' lang='lat' dir='ltr'><strong>diana</strong></span> <span class='ocrx_word' id='word_1_295' title='bbox 1028 4730 1465 4808; x_wconf 85' lang='lat' dir='ltr'><strong>auditoribus</strong></span> <span class='ocrx_word' id='word_1_296' title='bbox 1516 4736 1894 4810; x_wconf 86' lang='lat' dir='ltr'><strong>commoda.</strong></span> 
     </span>
    </p>
   </div>
  </div>
 </body>
</html>
