4728 5991
1951 611 2511 682 ORATIO.
3644 617 3729 685 17

677 825 838 902 ioris
883 824 1220 900 momenti
1262 828 1470 900 erunt
1487 880 1508 910 ‚
1559 846 1773 922 quam
1818 821 2204 898 veneranda
2247 829 2699 900 monumenta
2738 824 3069 925 temporis
3102 825 3496 926 praeteriti,
3527 825 3731 903 euius

676 946 778 1020 nil
827 944 962 1020 nisi
1017 942 1350 1020 memoria
1397 949 1632 1017 restat.
1736 942 1920 1017 Sunt
1963 943 2250 1042 quidem
2305 943 2429 1043 qui
2474 943 2837 1019 ostendere
2880 952 3149 1022 certant
3194 971 3346 1022 esse
3386 946 3732 1046 quaedam

673 1091 854 1166 quae
894 1064 1150 1166 partim
1199 1089 1285 1138 ex
1329 1061 1438 1137 his
1493 1060 1776 1137 theoriis
1819 1087 1959 1138 non
2004 1063 2276 1162 possint
2322 1063 2650 1164 explicari
2668 1122 2689 1154 ,
2741 1064 2995 1163 partim
3040 1065 3128 1141 iis
3175 1067 3465 1142 adversa
3503 1065 3730 1142 fronte

671 1191 1086 1286 repugnent.
1210 1181 1426 1263 Quod
1488 1188 1838 1258 certamen
1897 1207 1980 1257 eo
2047 1181 2523 1259 vehementius
2604 1189 2751 1272 est,
2828 1185 3018 1283 quod
3074 1185 3405 1285 explosae·
3455 1184 3730 1260 dudum

673 1307 975 1383 theoriae
1034 1329 1214 1380 nova
1279 1303 1546 1380 theoria
1619 1303 1950 1378 successit
1969 1361 1990 1391 ‚
2061 1327 2242 1401 quae
2313 1327 2455 1401 quo
2530 1302 2751 1402 magis
2806 1302 3175 1380 involucris
3228 1305 3373 1380 suis
3421 1304 3732 1380 nudatur

673 1437 1032 1526 tamquam
1101 1424 1304 1501 unica
1359 1431 1431 1499 et
1492 1447 1652 1498 vera
1731 1421 2037 1522 prodibit
2109 1420 2473 1520 explicatio
2532 1421 2797 1497 Caloris
2852 1431 2924 1498 et
2978 1424 3462 1501 Electricitatis
3514 1448 3730 1523 quam

671 1571 913 1622 omnes
997 1549 1393 1645 agnoscent.
1529 1543 1728 1618 Haec
1810 1541 2071 1617 theoria
2147 1541 2383 1625 omnia
2482 1541 2823 1640 explicare
2893 1544 3042 1618 vult
3116 1570 3157 1618 e
3228 1553 3448 1621 motu.
3583 1543 3731 1624 Qui

673 1675 908 1744 motus
974 1673 1208 1742 tamen
1279 1689 1420 1740 non
1487 1671 1595 1738 est
1658 1686 1869 1761 quem
1938 1662 2192 1760 vulgus
2248 1660 2379 1736 hoc
2427 1661 2707 1735 nomine
2756 1662 3125 1763 intelligit,
3193 1665 3317 1763 qui
3364 1663 3498 1740 sub
3564 1689 3729 1740 ocu·-

672 1787 898 1863 lorum
959 1785 1215 1860 obtutu
1289 1783 1477 1859 cadit
1497 1842 1518 1873 ‚
1593 1783 1717 1860 sed
1793 1782 1908 1857 ille
1983 1780 2302 1857 subtilior
2321 1841 2342 1871 ‚
2418 1807 2629 1880 quem
2700 1789 2769 1856 et
2837 1807 3084 1882 parvae
3156 1784 3533 1862 moleculae
3550 1843 3571 1874 ‚
3641 1809 3731 1859 ex

670 1907 931 2008 quibus
997 1904 1231 1980 omnia
1295 1927 1579 2003 corpora
1627 1903 2006 2002 composita
2055 1912 2256 1991 sunt,
2329 1901 2641 1977 sentiunt
2690 1910 2761 1977 et
2811 1913 3041 2003 partes
3093 1904 3450 1982 aethereae
3473 1963 3495 1997 ,
3550 1929 3729 2004 quae

675 2027 939 2126 ubique
991 2026 1252 2101 adsunt
1301 2030 1372 2098 et
1419 2032 1646 2098 totum
1707 2022 1957 2097 mundi
2021 2023 2323 2123 spatium
2376 2022 2744 2122 complent.
2843 2026 3081 2124 Ipsum
3137 2050 3389 2100 nomen
3416 2083 3437 2114 ,
3498 2024 3728 2124 quod,

679 2155 955 2224 auctore
1023 2164 1411 2220 Nawromo
1433 2202 1454 2232 ‚
1525 2142 1688 2218 huic
1763 2143 2028 2220 Caloris
2103 2149 2174 2218 et
2247 2142 2735 2218 Electricitatis
2798 2168 3045 2220 causae
3112 2145 3416 2220 tribuere
3484 2169 3729 2244 possu-

672 2291 871 2355 mus,
941 2265 1082 2340 iam
1149 2263 1410 2338 indicat
1470 2263 1755 2362 propius
1831 2289 1960 2338 nos
2031 2291 2074 2339 a
2147 2262 2432 2337 veritate
2498 2260 2895 2353 abfuturos‚
2970 2265 3029 2338 si
3102 2266 3242 2338 vim
3321 2264 3587 2340 Caloris
3660 2271 3732 2340 et

669 2383 1155 2462 Electricitatis
1201 2360 1624 2482 explicemus
1669 2407 1708 2456 e
1755 2383 2064 2458 motibus
2089 2381 2568 2457 oscillantibus
2589 2440 2610 2470 ,
2643 2377 2855 2480 quam
2888 2384 2948 2457 si
2979 2384 3356 2484 singularia
3385 2385 3731 2485 quaedam

671 2507 890 2582 fluida
933 2504 1176 2581 adesse
1220 2511 1631 2578 statuamus.
1731 2502 1842 2576 Ex
1891 2501 2100 2576 huius
2149 2500 2338 2576 enim
2388 2501 2731 2576 sententia
2771 2526 2981 2577 causa
3029 2512 3184 2577 tum
3228 2504 3515 2579 demum
3566 2531 3731 2580 vera

671 2651 878 2704 causa
948 2622 1242 2700 dicenda
1311 2629 1417 2695 est
1435 2679 1457 2710 ,
1525 2620 1584 2695 si
1648 2621 2072 2722 experientia
2134 2622 2379 2697 doceat
2426 2646 2580 2698 eam
2638 2644 2872 2696 revera
2921 2621 3397 2721 phaenomena
3444 2625 3731 2725 physica

673 2747 938 2822 efficere
1009 2767 1234 2843 posse.
1338 2741 1416 2816 Si
1483 2740 1872 2842 quidquam
1941 2748 2048 2817 est
2114 2741 2309 2842 quod
2381 2749 2729 2816 mereatur
2790 2766 2915 2840 pro
2984 2742 3383 2820 indubitato
3445 2744 3686 2820 haberi
3704 2803 3725 2833 ,

669 2873 856 2944 certe
917 2865 1048 2939 hoc
1107 2862 1274 2952 erit,
1348 2861 1406 2935 si
1485 2861 1671 2937 dicas
1749 2861 2072 2937 Sonitum
2119 2862 2295 2937 effici
2345 2887 2469 2962 per
2538 2860 2959 2952 vibramina3
3030 2887 3273 2939 verum
3336 2863 3725 2940 dibitabitis

669 2987 958 3064 fortasse
977 3044 998 3074 ,
1071 2983 1132 3059 si
1203 2981 1446 3058 audias
1517 2981 1784 3058 Lucem
1857 3008 1998 3057 non
2073 2982 2306 3058 minus
2357 3007 2571 3084 quam
2622 2980 2947 3060 Sonitum
3000 2983 3531 3062 adscribendam
3577 3011 3729 3063 esse

672 3104 1057 3182 vibrationi.
1159 3102 1253 3178 Et
1331 3108 1567 3179 tamen
1628 3102 1759 3179 hoc
1817 3103 2052 3203 ipsum
2121 3104 2256 3179 iam
2333 3104 2510 3179 adeo
2564 3104 2919 3204 probabile
2971 3104 3235 3181 factum
3282 3114 3427 3197 est,
3477 3114 3561 3182 ut
3602 3132 3729 3209 pro

675 3234 861 3303 certo
931 3222 1176 3299 haberi
1247 3223 1487 3321 possit.
1610 3224 1814 3302 Quae
1879 3247 1990 3298 res
2062 3224 2371 3323 profecto
2449 3224 2735 3299 maximi
2806 3225 3128 3301 habenda
3196 3234 3304 3301 est
3320 3259 3343 3318 ς
3423 3252 3588 3303 nam
3667 3226 3731 3302 si

673 3371 832 3422 vere
890 3344 1146 3420 dicitur
1207 3345 1512 3441 Simpleoe
1567 3344 1864 3443 azymum
1909 3346 2094 3433 veri,
2159 3344 2331 3443 quid
2378 3344 2759 3443 simplicius
2808 3344 2939 3419 erit
2983 3371 3196 3446 quam
3243 3371 3424 3445 quae
3467 3347 3541 3422 in
3586 3348 3727 3422 sin·

676 3465 862 3567 gulis
923 3463 1216 3540 alicuius
1275 3462 1678 3561 disciplinae
1738 3464 2056 3563 partibus
2122 3489 2270 3539 sese
2329 3465 2746 3554 ostendunt,
2812 3491 2893 3541 ea
2934 3468 3167 3543 omnia
3212 3467 3440 3543 eidem
3488 3466 3729 3567 generi

675 3596 910 3663 motus
963 3582 1388 3659 adscribere!

771 3708 1048 3782 Novum
1114 3704 1244 3778 hoc
1292 3701 1382 3779 de
1439 3708 1692 3777 natura
1735 3701 2000 3777 Caloris
2049 3710 2120 3777 et
2167 3703 2651 3782 Electricitatis
2702 3705 2891 3806 quod
2944 3706 3319 3781 memoravi
3370 3706 3726 3782 decretum

677 3822 1317 3901 coniunctissimum
1365 3826 1473 3895 est
1516 3844 1678 3895 cum
1731 3819 1884 3919 lege
1925 3822 2224 3898 naturali
2272 3848 2486 3924 quam
2528 3825 2602 3898 in
2645 3824 2795 3899 dies
2841 3824 3064 3923 magis
3106 3824 3470 3925 magisque
3499 3826 3727 3925 vigere

679 3944 994 4020 videmus
1014 4000 1035 4031 ,
1105 3963 1458 4039 quamque
1523 3940 1782 4015 multos
1851 3965 2070 4016 annos
2136 3941 2276 4017 fere
2333 3943 2819 4042 unusquisque
2882 3944 3209 4043 physicus
3272 3945 3474 4044 quasi
3532 3971 3727 4045 prae-

679 4064 932 4141 sentire
1003 4060 1138 4137 sibi
1209 4060 1573 4134 videbatur
1593 4118 1612 4147 ,
1689 4060 1814 4135 sed
1868 4086 2048 4159 quae
2112 4062 2220 4137 his
2291 4063 2581 4141 demum
2642 4064 2843 4139 annis
2890 4064 3221 4163 proximis
3279 4065 3483 4164 plane
3524 4066 3726 4143 intel·

679 4188 855 4261 lecta
917 4188 1047 4257 est.
1146 4180 1374 4255 Variis
1425 4179 1652 4253 modis
1701 4204 1784 4254 ea
1827 4180 2174 4255 enuntiari
2225 4189 2478 4281 potest.
2595 4186 2844 4284 Aeque
2915 4184 3103 4260 enim
3161 4184 3341 4260 valet
3383 4187 3731 4287 quidquid

687 4305 899 4381 dicis:
996 4301 1160 4374 Vim
1218 4324 1359 4374 non
1438 4322 1640 4398 posse
1679 4299 1996 4375 consumi
2050 4340 2146 4359 -—·
2195 4302 2333 4376 vim
2386 4326 2523 4380 non
2573 4328 2775 4403 posse
2820 4304 3110 4405 produci
3160 4303 3250 4380 ab
3305 4305 3583 4383 homine
3628 4352 3730 4370 —-

681 4429 1099 4527 perpetuum
1151 4418 1405 4495 mobile
1456 4444 1596 4494 non
1645 4442 1846 4518 posse
1896 4420 2208 4497 inveniri.

778 4544 1040 4620 Vereor
1089 4538 1374 4641 quidem
1395 4598 1414 4627 ,
1463 4538 1838 4615 Auditores
1858 4600 1879 4630 ,
1931 4565 2018 4617 ne
2068 4541 2236 4617 haec
2284 4543 2492 4618 verba
2536 4542 2838 4618 absurda
2886 4543 3252 4619 videantur
3292 4544 3379 4620 iis
3406 4548 3530 4645 qui
3558 4548 3729 4647 phy-

687 4666 986 4741 sicarum
1031 4683 1265 4736 rerum
1311 4658 1630 4733 studium
1677 4684 2064 4762 numquam
2107 4663 2512 4763 attigerunt.
2582 4662 2838 4739 Dicent
2868 4662 3093 4739 enims
3146 4662 3395 4743 Quid?
3441 4666 3731 4766 negabis

685 4786 760 4862 in
823 4781 1149 4861 manibus
1213 4779 1388 4855 meis
1453 4778 1684 4855 inesse
1752 4780 2154 4858 facultatem
2221 4783 2581 4882 premendi
2601 4842 2619 4873 ,
2696 4808 2952 4883 easque
3016 4807 3145 4859 nec
3203 4783 3457 4861 molem
3531 4812 3731 4887 posse

3346 4907 3393 4979 3
