<?xml version="1.0" encoding="UTF-8"?>
<!DOCTYPE html PUBLIC "-//W3C//DTD XHTML 1.0 Transitional//EN"
    "http://www.w3.org/TR/xhtml1/DTD/xhtml1-transitional.dtd">
<html xmlns="http://www.w3.org/1999/xhtml" xml:lang="en" lang="en">
 <head>
  <title>
</title>
<meta http-equiv="Content-Type" content="text/html;charset=utf-8" />
  <meta name='ocr-system' content='tesseract 3.04.00' />
  <meta name='ocr-capabilities' content='ocr_page ocr_carea ocr_par ocr_line ocrx_word'/>
</head>
<body>
  <div class='ocr_page' id='page_1' title='image "annalesacademic03confgoog_0160.png"; bbox 0 0 4728 5991; ppageno 0'>
   <div class='ocr_carea' id='block_1_1' title="bbox 1158 593 3023 676">
    <p class='ocr_par' dir='ltr' id='par_1_1' title="bbox 1158 593 3023 676">
     <span class='ocr_line' id='line_1_1' title="bbox 1158 593 3023 676; baseline 0 -16"><span class='ocrx_word' id='word_1_1' title='bbox 1158 593 1288 664; x_wconf 85' lang='lat'>150</span> <span class='ocrx_word' id='word_1_2' title='bbox 2333 593 2417 660; x_wconf 83' lang='lat' dir='ltr'>G.</span> <span class='ocrx_word' id='word_1_3' title='bbox 2484 593 3023 676; x_wconf 77' lang='lat' dir='ltr'>1.1,0an</span> 
     </span>
    </p>
   </div>
   <div class='ocr_carea' id='block_1_2' title="bbox 1139 799 4203 4881">
    <p class='ocr_par' dir='ltr' id='par_1_2' title="bbox 1149 799 4199 1396">
     <span class='ocr_line' id='line_1_2' title="bbox 1153 799 4195 883; baseline 0.001 -19"><span class='ocrx_word' id='word_1_4' title='bbox 1153 809 1242 864; x_wconf 84' lang='lat' dir='ltr'>rat</span> <span class='ocrx_word' id='word_1_5' title='bbox 1257 847 1272 876; x_wconf 92' lang='lat'>,</span> <span class='ocrx_word' id='word_1_6' title='bbox 1333 801 1566 864; x_wconf 86' lang='lat' dir='ltr'>Leidam</span> <span class='ocrx_word' id='word_1_7' title='bbox 1628 807 1850 864; x_wconf 78' lang='lat' dir='ltr'>vocatus</span> <span class='ocrx_word' id='word_1_8' title='bbox 1911 807 1994 864; x_wconf 81' lang='lat' dir='ltr'>est</span> <span class='ocrx_word' id='word_1_9' title='bbox 2057 801 2246 881; x_wconf 80' lang='lat' dir='ltr'><strong>ibique</strong></span> <span class='ocrx_word' id='word_1_10' title='bbox 2301 803 2547 864; x_wconf 84' lang='lat' dir='ltr'>maximo</span> <span class='ocrx_word' id='word_1_11' title='bbox 2606 802 3003 883; x_wconf 86' lang='lat' dir='ltr'>discipulorum</span> <span class='ocrx_word' id='word_1_12' title='bbox 3054 801 3429 862; x_wconf 82' lang='lat' dir='ltr'>emolumento</span> <span class='ocrx_word' id='word_1_13' title='bbox 3478 799 3799 862; x_wconf 82' lang='lat' dir='ltr'>cathedram</span> <span class='ocrx_word' id='word_1_14' title='bbox 3836 802 4195 866; x_wconf 63' lang='lat' dir='ltr'>antemium</span> 
     </span>
     <span class='ocr_line' id='line_1_3' title="bbox 1153 901 4199 987; baseline -0 -19"><span class='ocrx_word' id='word_1_15' title='bbox 1153 904 1442 986; x_wconf 77' lang='lat' dir='ltr'>oecnpavit</span> <span class='ocrx_word' id='word_1_16' title='bbox 1495 923 1666 985; x_wconf 82' lang='lat' dir='ltr'>usque</span> <span class='ocrx_word' id='word_1_17' title='bbox 1731 904 1801 965; x_wconf 88' lang='lat' dir='ltr'>ad</span> <span class='ocrx_word' id='word_1_18' title='bbox 1863 923 2072 965; x_wconf 86' lang='lat' dir='ltr'>annum</span> <span class='ocrx_word' id='word_1_19' title='bbox 2136 908 2292 966; x_wconf 79' lang='lat'>1692</span> <span class='ocrx_word' id='word_1_20' title='bbox 2309 949 2326 977; x_wconf 92' lang='lat'>,</span> <span class='ocrx_word' id='word_1_21' title='bbox 2392 925 2503 985; x_wconf 90' lang='lat' dir='ltr'>quo</span> <span class='ocrx_word' id='word_1_22' title='bbox 2558 911 2907 987; x_wconf 84' lang='lat' dir='ltr'>praematura</span> <span class='ocrx_word' id='word_1_23' title='bbox 2956 907 3137 964; x_wconf 85' lang='lat' dir='ltr'>morte</span> <span class='ocrx_word' id='word_1_24' title='bbox 3178 901 3387 984; x_wconf 81' lang='lat' dir='ltr'>patriae</span> <span class='ocrx_word' id='word_1_25' title='bbox 3428 902 3719 983; x_wconf 79' lang='lat' dir='ltr'>subreptus</span> <span class='ocrx_word' id='word_1_26' title='bbox 3758 909 3861 966; x_wconf 83' lang='lat' dir='ltr'>est.</span> <span class='ocrx_word' id='word_1_27' title='bbox 3942 905 4199 968; x_wconf 83' lang='lat' dir='ltr'>Inclaruit</span> 
     </span>
     <span class='ocr_line' id='line_1_4' title="bbox 1149 1003 4195 1089; baseline -0 -21"><span class='ocrx_word' id='word_1_28' title='bbox 1149 1007 1404 1088; x_wconf 74' lang='lat' dir='ltr'>inprimis</span> <span class='ocrx_word' id='word_1_29' title='bbox 1455 1005 1930 1086; x_wconf 72' lang='lat' dir='ltr'>disquisitionibus</span> <span class='ocrx_word' id='word_1_30' title='bbox 1981 1006 2298 1083; x_wconf 69' lang='lat' dir='ltr'>systematis</span> <span class='ocrx_word' id='word_1_31' title='bbox 2351 1007 2680 1089; x_wconf 74' lang='lat' dir='ltr'>lymphatici</span> <span class='ocrx_word' id='word_1_32' title='bbox 2734 1014 2792 1069; x_wconf 86' lang='lat' dir='ltr'>st</span> <span class='ocrx_word' id='word_1_33' title='bbox 2844 1007 3085 1068; x_wconf 81' lang='lat' dir='ltr'>maxime</span> <span class='ocrx_word' id='word_1_34' title='bbox 3131 1004 3355 1085; x_wconf 88' lang='lat' dir='ltr'>quidem</span> <span class='ocrx_word' id='word_1_35' title='bbox 3410 1003 3723 1066; x_wconf 70' lang='lat' dir='ltr'>admirabili</span> <span class='ocrx_word' id='word_1_36' title='bbox 3773 1027 4033 1069; x_wconf 80' lang='lat' dir='ltr'>vasorum</span> <span class='ocrx_word' id='word_1_37' title='bbox 4068 1010 4195 1086; x_wconf 73' lang='lat' dir='ltr'>lym·</span> 
     </span>
     <span class='ocr_line' id='line_1_5' title="bbox 1153 1106 4196 1192; baseline 0 -22"><span class='ocrx_word' id='word_1_38' title='bbox 1153 1111 1322 1192; x_wconf 85' lang='lat' dir='ltr'>pham</span> <span class='ocrx_word' id='word_1_39' title='bbox 1381 1109 1696 1171; x_wconf 76' lang='lat' dir='ltr'>vehentium</span> <span class='ocrx_word' id='word_1_40' title='bbox 1750 1109 2156 1191; x_wconf 82' lang='lat' dir='ltr'>implendorum</span> <span class='ocrx_word' id='word_1_41' title='bbox 2207 1109 2433 1190; x_wconf 85' lang='lat' dir='ltr'>peritia,</span> <span class='ocrx_word' id='word_1_42' title='bbox 2481 1130 2585 1171; x_wconf 88' lang='lat' dir='ltr'>suo</span> <span class='ocrx_word' id='word_1_43' title='bbox 2644 1115 2895 1191; x_wconf 85' lang='lat' dir='ltr'>tempore</span> <span class='ocrx_word' id='word_1_44' title='bbox 2948 1125 3167 1190; x_wconf 88' lang='lat' dir='ltr'>prorsus</span> <span class='ocrx_word' id='word_1_45' title='bbox 3222 1106 3503 1180; x_wconf 82' lang='lat' dir='ltr'>inaudita,</span> <span class='ocrx_word' id='word_1_46' title='bbox 3546 1127 3725 1187; x_wconf 85' lang='lat' dir='ltr'>neque</span> <span class='ocrx_word' id='word_1_47' title='bbox 3761 1129 3798 1169; x_wconf 87' lang='lat' dir='ltr'>a</span> <span class='ocrx_word' id='word_1_48' title='bbox 3836 1109 4073 1190; x_wconf 71' lang='lat' dir='ltr'>posteris</span> <span class='ocrx_word' id='word_1_49' title='bbox 4110 1129 4196 1174; x_wconf 83' lang='lat' dir='ltr'>un·</span> 
     </span>
     <span class='ocr_line' id='line_1_6' title="bbox 1153 1197 4196 1293; baseline 0.001 -19"><span class='ocrx_word' id='word_1_50' title='bbox 1153 1231 1322 1293; x_wconf 88' lang='lat' dir='ltr'>quam</span> <span class='ocrx_word' id='word_1_51' title='bbox 1363 1218 1634 1293; x_wconf 82' lang='lat' dir='ltr'>superata.</span> <span class='ocrx_word' id='word_1_52' title='bbox 1731 1213 1836 1274; x_wconf 78' lang='lat' dir='ltr'>cst.</span> <span class='ocrx_word' id='word_1_53' title='bbox 1876 1229 1926 1274; x_wconf 82' lang='lat' dir='ltr'>s.</span> <span class='ocrx_word' id='word_1_54' title='bbox 1967 1229 2048 1272; x_wconf 73' lang='lat' dir='ltr'>ns</span> <span class='ocrx_word' id='word_1_55' title='bbox 2089 1224 2330 1273; x_wconf 66' lang='lat' dir='ltr'>amium</span> <span class='ocrx_word' id='word_1_56' title='bbox 2353 1257 2369 1284; x_wconf 94' lang='lat'>,</span> <span class='ocrx_word' id='word_1_57' title='bbox 2428 1213 2817 1290; x_wconf 70' lang='lat' dir='ltr'>Bewbn&#39;ieinq</span> <span class='ocrx_word' id='word_1_58' title='bbox 2854 1231 2963 1273; x_wconf 71' lang='lat' dir='ltr'>m</span> <span class='ocrx_word' id='word_1_59' title='bbox 3001 1211 3053 1272; x_wconf 75' lang='lat' dir='ltr'>&#39;e</span> <span class='ocrx_word' id='word_1_60' title='bbox 3074 1197 3459 1287; x_wconf 53' lang='lat' dir='ltr'>Graiumve,</span> <span class='ocrx_word' id='word_1_61' title='bbox 3514 1211 3567 1271; x_wconf 90' lang='lat'>1.</span> <span class='ocrx_word' id='word_1_62' title='bbox 3614 1216 3670 1270; x_wconf 72' lang='lat'>8.</span> <span class='ocrx_word' id='word_1_63' title='bbox 3711 1231 3766 1292; x_wconf 88' lang='lat' dir='ltr'>p.</span> <span class='ocrx_word' id='word_1_64' title='bbox 3810 1215 3929 1272; x_wconf 74' lang='lat' dir='ltr'>sio</span> <span class='ocrx_word' id='word_1_65' title='bbox 3947 1255 3963 1284; x_wconf 93' lang='lat'>,</span> <span class='ocrx_word' id='word_1_66' title='bbox 4008 1228 4196 1276; x_wconf 67' lang='lat' dir='ltr'>saum·</span> 
     </span>
     <span class='ocr_line' id='line_1_7' title="bbox 1152 1315 2865 1396; baseline -0.002 -19"><span class='ocrx_word' id='word_1_67' title='bbox 1152 1331 1342 1388; x_wconf 64' lang='lat' dir='ltr'>roam,</span> <span class='ocrx_word' id='word_1_68' title='bbox 1381 1317 1426 1376; x_wconf 90' lang='lat' dir='ltr'>l.</span> <span class='ocrx_word' id='word_1_69' title='bbox 1467 1317 1506 1377; x_wconf 93' lang='lat' dir='ltr'>l.</span> <span class='ocrx_word' id='word_1_70' title='bbox 1547 1335 1600 1396; x_wconf 84' lang='lat' dir='ltr'>p.</span> <span class='ocrx_word' id='word_1_71' title='bbox 1647 1333 1688 1376; x_wconf 83' lang='lat' dir='ltr'>x</span> <span class='ocrx_word' id='word_1_72' title='bbox 1727 1335 1882 1395; x_wconf 62' lang='lat' dir='ltr'>seq„</span> <span class='ocrx_word' id='word_1_73' title='bbox 1923 1330 2210 1387; x_wconf 68' lang='lat' dir='ltr'>nouum,</span> <span class='ocrx_word' id='word_1_74' title='bbox 2255 1316 2296 1375; x_wconf 90' lang='lat' dir='ltr'>l.</span> <span class='ocrx_word' id='word_1_75' title='bbox 2337 1317 2379 1374; x_wconf 92' lang='lat'>1.</span> <span class='ocrx_word' id='word_1_76' title='bbox 2421 1317 2491 1375; x_wconf 85' lang='grc' dir='ltr'>Τ.</span> <span class='ocrx_word' id='word_1_77' title='bbox 2532 1315 2582 1375; x_wconf 86' lang='lat'>1.</span> <span class='ocrx_word' id='word_1_78' title='bbox 2624 1336 2682 1395; x_wconf 88' lang='lat' dir='ltr'>p.</span> <span class='ocrx_word' id='word_1_79' title='bbox 2726 1319 2865 1376; x_wconf 78' lang='lat'><strong>365.</strong></span> 
     </span>
    </p>

    <p class='ocr_par' dir='ltr' id='par_1_3' title="bbox 1147 1415 4197 2112">
     <span class='ocr_line' id='line_1_8' title="bbox 1233 1415 4197 1497; baseline 0 -19"><span class='ocrx_word' id='word_1_80' title='bbox 1233 1416 1318 1497; x_wconf 78' lang='lat'>⁷⁸)</span> <span class='ocrx_word' id='word_1_81' title='bbox 1377 1418 1766 1478; x_wconf 69' lang='lat' dir='ltr'>fleveramus</span> <span class='ocrx_word' id='word_1_82' title='bbox 1820 1434 2040 1478; x_wconf 79' lang='lat' dir='ltr'>ammo</span> <span class='ocrx_word' id='word_1_83' title='bbox 2053 1460 2070 1489; x_wconf 91' lang='lat'>,</span> <span class='ocrx_word' id='word_1_84' title='bbox 2127 1416 2659 1478; x_wconf 83' lang='lat' dir='ltr'>Amstelodamensis</span> <span class='ocrx_word' id='word_1_85' title='bbox 2675 1462 2689 1489; x_wconf 89' lang='lat'><strong>‚</strong></span> <span class='ocrx_word' id='word_1_86' title='bbox 2748 1416 2992 1478; x_wconf 86' lang='lat' dir='ltr'>medicus</span> <span class='ocrx_word' id='word_1_87' title='bbox 3050 1415 3295 1476; x_wconf 87' lang='lat' dir='ltr'>eruditus</span> <span class='ocrx_word' id='word_1_88' title='bbox 3313 1461 3329 1489; x_wconf 95' lang='lat'>,</span> <span class='ocrx_word' id='word_1_89' title='bbox 3386 1415 3727 1476; x_wconf 85' lang='lat' dir='ltr'>anatomicus</span> <span class='ocrx_word' id='word_1_90' title='bbox 3782 1415 4045 1496; x_wconf 76' lang='lat' dir='ltr'>idemque</span> <span class='ocrx_word' id='word_1_91' title='bbox 4096 1417 4197 1478; x_wconf 88' lang='lat' dir='ltr'>chi·</span> 
     </span>
     <span class='ocr_line' id='line_1_9' title="bbox 1147 1516 4196 1600; baseline -0.001 -18"><span class='ocrx_word' id='word_1_92' title='bbox 1147 1539 1345 1597; x_wconf 81' lang='lat' dir='ltr'>rurgus</span> <span class='ocrx_word' id='word_1_93' title='bbox 1393 1518 1759 1582; x_wconf 74' lang='lat' dir='ltr'>dexterrimus</span> <span class='ocrx_word' id='word_1_94' title='bbox 1773 1565 1790 1589; x_wconf 87' lang='lat'>,</span> <span class='ocrx_word' id='word_1_95' title='bbox 1847 1525 2014 1600; x_wconf 71' lang='lat' dir='ltr'>poeta</span> <span class='ocrx_word' id='word_1_96' title='bbox 2067 1519 2347 1592; x_wconf 85' lang='lat' dir='ltr'>laudatus,</span> <span class='ocrx_word' id='word_1_97' title='bbox 2406 1527 2701 1600; x_wconf 79' lang='lat' dir='ltr'>postquam</span> <span class='ocrx_word' id='word_1_98' title='bbox 2750 1525 2927 1580; x_wconf 85' lang='lat' dir='ltr'>artem</span> <span class='ocrx_word' id='word_1_99' title='bbox 2968 1519 3303 1580; x_wconf 73' lang='lat' dir='ltr'>salutiferam</span> <span class='ocrx_word' id='word_1_100' title='bbox 3346 1516 3405 1578; x_wconf 91' lang='lat' dir='ltr'>in</span> <span class='ocrx_word' id='word_1_101' title='bbox 3448 1517 3587 1578; x_wconf 84' lang='lat' dir='ltr'>urbo</span> <span class='ocrx_word' id='word_1_102' title='bbox 3624 1519 3803 1599; x_wconf 81' lang='lat' dir='ltr'>patria</span> <span class='ocrx_word' id='word_1_103' title='bbox 3840 1539 4046 1596; x_wconf 74' lang='lat' dir='ltr'>magna</span> <span class='ocrx_word' id='word_1_104' title='bbox 4082 1539 4196 1579; x_wconf 79' lang='lat' dir='ltr'>eum</span> 
     </span>
     <span class='ocr_line' id='line_1_10' title="bbox 1151 1619 4193 1704; baseline 0 -20"><span class='ocrx_word' id='word_1_105' title='bbox 1151 1621 1352 1684; x_wconf 80' lang='lat' dir='ltr'>civium</span> <span class='ocrx_word' id='word_1_106' title='bbox 1416 1623 1812 1704; x_wconf 76' lang='lat' dir='ltr'>approbatione</span> <span class='ocrx_word' id='word_1_107' title='bbox 1872 1621 2220 1683; x_wconf 63' lang='lat' dir='ltr'>{actitaverat</span> <span class='ocrx_word' id='word_1_108' title='bbox 2235 1667 2252 1696; x_wconf 93' lang='lat'>,</span> <span class='ocrx_word' id='word_1_109' title='bbox 2315 1638 2539 1684; x_wconf 67' lang='lat' dir='ltr'>uncino</span> <span class='ocrx_word' id='word_1_110' title='bbox 2596 1622 2885 1694; x_wconf 87' lang='lat' dir='ltr'>successit,</span> <span class='ocrx_word' id='word_1_111' title='bbox 2947 1626 3005 1682; x_wconf 87' lang='lat' dir='ltr'>et</span> <span class='ocrx_word' id='word_1_112' title='bbox 3056 1621 3291 1702; x_wconf 88' lang='lat' dir='ltr'>primum</span> <span class='ocrx_word' id='word_1_113' title='bbox 3352 1619 3575 1700; x_wconf 86' lang='lat' dir='ltr'>quidem</span> <span class='ocrx_word' id='word_1_114' title='bbox 3634 1621 3835 1698; x_wconf 72' lang='lat' dir='ltr'>Hagno</span> <span class='ocrx_word' id='word_1_115' title='bbox 3892 1621 4193 1693; x_wconf 84' lang='lat' dir='ltr'>Comitum,</span> 
     </span>
     <span class='ocr_line' id='line_1_11' title="bbox 1149 1721 4193 1800; baseline -0 -14"><span class='ocrx_word' id='word_1_116' title='bbox 1149 1723 1352 1786; x_wconf 86' lang='lat' dir='ltr'>deiude</span> <span class='ocrx_word' id='word_1_117' title='bbox 1391 1725 1632 1798; x_wconf 83' lang='lat' dir='ltr'>Leidae,</span> <span class='ocrx_word' id='word_1_118' title='bbox 1675 1724 1770 1786; x_wconf 89' lang='lat' dir='ltr'>ubi</span> <span class='ocrx_word' id='word_1_119' title='bbox 1813 1745 1960 1785; x_wconf 86' lang='lat' dir='ltr'>anno</span> <span class='ocrx_word' id='word_1_120' title='bbox 2006 1727 2200 1796; x_wconf 75' lang='lat'>1713,</span> <span class='ocrx_word' id='word_1_121' title='bbox 2243 1725 2441 1785; x_wconf 83' lang='lat' dir='ltr'>aetatis</span> <span class='ocrx_word' id='word_1_122' title='bbox 2479 1742 2633 1798; x_wconf 67' lang='lat' dir='ltr'>axv,</span> <span class='ocrx_word' id='word_1_123' title='bbox 2676 1723 2965 1786; x_wconf 68' lang='lat' dir='ltr'>defunctus</span> <span class='ocrx_word' id='word_1_124' title='bbox 3002 1731 3107 1786; x_wconf 83' lang='lat' dir='ltr'>est.</span> <span class='ocrx_word' id='word_1_125' title='bbox 3188 1721 3466 1800; x_wconf 77' lang='lat' dir='ltr'>Singulari</span> <span class='ocrx_word' id='word_1_126' title='bbox 3506 1739 3825 1784; x_wconf 71' lang='lat' dir='ltr'>emnam</span> <span class='ocrx_word' id='word_1_127' title='bbox 3862 1741 3944 1784; x_wconf 85' lang='lat'>111</span> <span class='ocrx_word' id='word_1_128' title='bbox 3982 1724 4193 1796; x_wconf 77' lang='lat' dir='ltr'>favore,</span> 
     </span>
     <span class='ocr_line' id='line_1_12' title="bbox 1149 1823 4193 1908; baseline -0.001 -20"><span class='ocrx_word' id='word_1_129' title='bbox 1149 1833 1215 1888; x_wconf 88' lang='lat' dir='ltr'>ut</span> <span class='ocrx_word' id='word_1_130' title='bbox 1269 1826 1528 1908; x_wconf 82' lang='lat' dir='ltr'>deinceps</span> <span class='ocrx_word' id='word_1_131' title='bbox 1584 1827 1755 1908; x_wconf 87' lang='lat' dir='ltr'>ipsius</span> <span class='ocrx_word' id='word_1_132' title='bbox 1797 1826 2092 1888; x_wconf 75' lang='lat' dir='ltr'>Archiater</span> <span class='ocrx_word' id='word_1_133' title='bbox 2127 1828 2302 1887; x_wconf 88' lang='lat' dir='ltr'>lectus</span> <span class='ocrx_word' id='word_1_134' title='bbox 2343 1831 2461 1899; x_wconf 88' lang='lat' dir='ltr'>est,</span> <span class='ocrx_word' id='word_1_135' title='bbox 2522 1827 2601 1887; x_wconf 86' lang='lat' dir='ltr'>ita</span> <span class='ocrx_word' id='word_1_136' title='bbox 2642 1827 2855 1908; x_wconf 85' lang='lat' dir='ltr'>pridem</span> <span class='ocrx_word' id='word_1_137' title='bbox 2892 1825 3227 1887; x_wconf 86' lang='lat' dir='ltr'>nosocomiis</span> <span class='ocrx_word' id='word_1_138' title='bbox 3266 1823 3597 1886; x_wconf 86' lang='lat' dir='ltr'>militaribus</span> <span class='ocrx_word' id='word_1_139' title='bbox 3640 1824 3927 1891; x_wconf 79' lang='lat' dir='ltr'>curandis.</span> <span class='ocrx_word' id='word_1_140' title='bbox 3970 1825 4193 1906; x_wconf 85' lang='lat' dir='ltr'>primum</span> 
     </span>
     <span class='ocr_line' id='line_1_13' title="bbox 1149 1926 4194 2008; baseline 0 -20"><span class='ocrx_word' id='word_1_141' title='bbox 1149 1928 1212 1989; x_wconf 87' lang='lat' dir='ltr'>iu</span> <span class='ocrx_word' id='word_1_142' title='bbox 1265 1927 1442 2008; x_wconf 85' lang='lat' dir='ltr'>patria</span> <span class='ocrx_word' id='word_1_143' title='bbox 1503 1934 1720 2001; x_wconf 87' lang='lat' dir='ltr'>nostra,</span> <span class='ocrx_word' id='word_1_144' title='bbox 1785 1926 1986 1988; x_wconf 88' lang='lat' dir='ltr'>deinde</span> <span class='ocrx_word' id='word_1_145' title='bbox 2053 1945 2270 2006; x_wconf 89' lang='lat' dir='ltr'>quoque</span> <span class='ocrx_word' id='word_1_146' title='bbox 2327 1927 2387 1986; x_wconf 90' lang='lat' dir='ltr'>in</span> <span class='ocrx_word' id='word_1_147' title='bbox 2447 1927 2653 2005; x_wconf 81' lang='lat' dir='ltr'>Anglia</span> <span class='ocrx_word' id='word_1_148' title='bbox 2706 1928 3013 2008; x_wconf 75' lang='lat' dir='ltr'>praelectus</span> <span class='ocrx_word' id='word_1_149' title='bbox 3068 1926 3191 1988; x_wconf 69' lang='lat' dir='ltr'>tuit.</span> <span class='ocrx_word' id='word_1_150' title='bbox 3272 1929 3429 1988; x_wconf 81' lang='lat' dir='ltr'>Inter</span> <span class='ocrx_word' id='word_1_151' title='bbox 3484 1927 3721 2008; x_wconf 82' lang='lat' dir='ltr'>scripta,</span> <span class='ocrx_word' id='word_1_152' title='bbox 3768 1947 3915 2007; x_wconf 85' lang='lat' dir='ltr'>quae</span> <span class='ocrx_word' id='word_1_153' title='bbox 3954 1928 4194 2007; x_wconf 88' lang='lat' dir='ltr'>reliquit,</span> 
     </span>
     <span class='ocr_line' id='line_1_14' title="bbox 1153 2028 4195 2112; baseline -0.001 -20"><span class='ocrx_word' id='word_1_154' title='bbox 1153 2031 1360 2092; x_wconf 83' lang='lat' dir='ltr'>eminet</span> <span class='ocrx_word' id='word_1_155' title='bbox 1397 2050 1536 2111; x_wconf 87' lang='lat' dir='ltr'>opus</span> <span class='ocrx_word' id='word_1_156' title='bbox 1573 2030 1946 2092; x_wconf 78' lang='lat' dir='ltr'>anatomicam</span> <span class='ocrx_word' id='word_1_157' title='bbox 1983 2028 2284 2109; x_wconf 83' lang='lat' dir='ltr'>splendidis</span> <span class='ocrx_word' id='word_1_158' title='bbox 2321 2029 2576 2091; x_wconf 87' lang='lat' dir='ltr'>iconibus</span> <span class='ocrx_word' id='word_1_159' title='bbox 2608 2031 2967 2112; x_wconf 86' lang='lat' dir='ltr'>praeclarum.</span> <span class='ocrx_word' id='word_1_160' title='bbox 3008 2028 3113 2091; x_wconf 81' lang='lat' dir='ltr'>Off.</span> <span class='ocrx_word' id='word_1_161' title='bbox 3146 2047 3227 2090; x_wconf 70' lang='lat' dir='ltr'>ns</span> <span class='ocrx_word' id='word_1_162' title='bbox 3260 2047 3499 2092; x_wconf 70' lang='lat' dir='ltr'>aulum</span> <span class='ocrx_word' id='word_1_163' title='bbox 3518 2036 3577 2091; x_wconf 88' lang='lat' dir='ltr'>et</span> <span class='ocrx_word' id='word_1_164' title='bbox 3594 2045 3949 2102; x_wconf 71' lang='lat' dir='ltr'>sanmronr,</span> <span class='ocrx_word' id='word_1_165' title='bbox 3970 2031 4013 2092; x_wconf 88' lang='lat' dir='ltr'>l.</span> <span class='ocrx_word' id='word_1_166' title='bbox 4032 2033 4073 2091; x_wconf 87' lang='lat'>1.</span> <span class='ocrx_word' id='word_1_167' title='bbox 4106 2031 4143 2088; x_wconf 84' lang='grc' dir='ltr'>Ι.</span> <span class='ocrx_word' id='word_1_168' title='bbox 4160 2031 4195 2090; x_wconf 87' lang='lat'>1.</span> 
     </span>
    </p>

    <p class='ocr_par' dir='ltr' id='par_1_4' title="bbox 1139 2131 4203 3238">
     <span class='ocr_line' id='line_1_15' title="bbox 1238 2131 4197 2214; baseline 0 -22"><span class='ocrx_word' id='word_1_169' title='bbox 1238 2131 1320 2206; x_wconf 75' lang='lat'>⁷⁸)</span> <span class='ocrx_word' id='word_1_170' title='bbox 1385 2132 1472 2192; x_wconf 89' lang='lat' dir='ltr'>De</span> <span class='ocrx_word' id='word_1_171' title='bbox 1509 2149 1781 2194; x_wconf 69' lang='lat' dir='ltr'>ronanus:</span> <span class='ocrx_word' id='word_1_172' title='bbox 1823 2149 2040 2193; x_wconf 71' lang='lat' dir='ltr'>lacoao</span> <span class='ocrx_word' id='word_1_173' title='bbox 2077 2148 2268 2193; x_wconf 72' lang='lat' dir='ltr'>nano</span> <span class='ocrx_word' id='word_1_174' title='bbox 2305 2136 2487 2214; x_wconf 73' lang='lat' dir='ltr'>(nau)</span> <span class='ocrx_word' id='word_1_175' title='bbox 2528 2132 2800 2204; x_wconf 83' lang='lat' dir='ltr'>Badensi,</span> <span class='ocrx_word' id='word_1_176' title='bbox 2844 2132 2942 2212; x_wconf 89' lang='lat' dir='ltr'>qui</span> <span class='ocrx_word' id='word_1_177' title='bbox 2982 2136 3109 2214; x_wconf 88' lang='lat' dir='ltr'>post</span> <span class='ocrx_word' id='word_1_178' title='bbox 3150 2133 3331 2194; x_wconf 83' lang='lat' dir='ltr'>varios</span> <span class='ocrx_word' id='word_1_179' title='bbox 3372 2153 3560 2207; x_wconf 83' lang='lat' dir='ltr'>casus,</span> <span class='ocrx_word' id='word_1_180' title='bbox 3602 2140 3728 2214; x_wconf 82' lang='lat' dir='ltr'>post</span> <span class='ocrx_word' id='word_1_181' title='bbox 3764 2138 3853 2194; x_wconf 89' lang='lat' dir='ltr'>tot</span> <span class='ocrx_word' id='word_1_182' title='bbox 3888 2131 4197 2193; x_wconf 83' lang='lat' dir='ltr'>discrimina</span> 
     </span>
     <span class='ocr_line' id='line_1_16' title="bbox 1147 2231 4196 2316; baseline -0.001 -20"><span class='ocrx_word' id='word_1_183' title='bbox 1147 2253 1364 2308; x_wconf 87' lang='lat' dir='ltr'>rerum,</span> <span class='ocrx_word' id='word_1_184' title='bbox 1423 2243 1560 2315; x_wconf 87' lang='lat' dir='ltr'>quot</span> <span class='ocrx_word' id='word_1_185' title='bbox 1617 2236 1802 2316; x_wconf 83' lang='lat' dir='ltr'>paucis</span> <span class='ocrx_word' id='word_1_186' title='bbox 1853 2233 2172 2295; x_wconf 88' lang='lat' dir='ltr'>hominibus</span> <span class='ocrx_word' id='word_1_187' title='bbox 2209 2234 2505 2308; x_wconf 83' lang='lat' dir='ltr'>eveniunt,</span> <span class='ocrx_word' id='word_1_188' title='bbox 2550 2233 2609 2292; x_wconf 91' lang='lat' dir='ltr'>in</span> <span class='ocrx_word' id='word_1_189' title='bbox 2652 2233 2953 2294; x_wconf 72' lang='lat' dir='ltr'>Academia</span> <span class='ocrx_word' id='word_1_190' title='bbox 2992 2231 3507 2310; x_wconf 78' lang='lat' dir='ltr'>Lugduno·Batava</span> <span class='ocrx_word' id='word_1_191' title='bbox 3544 2252 3791 2294; x_wconf 87' lang='lat' dir='ltr'>summos</span> <span class='ocrx_word' id='word_1_192' title='bbox 3832 2233 3891 2293; x_wconf 87' lang='lat' dir='ltr'>in</span> <span class='ocrx_word' id='word_1_193' title='bbox 3934 2233 4196 2294; x_wconf 84' lang='lat' dir='ltr'>medicina</span> 
     </span>
     <span class='ocr_line' id='line_1_17' title="bbox 1149 2333 4199 2420; baseline -0.001 -22"><span class='ocrx_word' id='word_1_194' title='bbox 1149 2338 1392 2400; x_wconf 86' lang='lat' dir='ltr'>honores</span> <span class='ocrx_word' id='word_1_195' title='bbox 1435 2345 1758 2400; x_wconf 84' lang='lat' dir='ltr'>consecutus</span> <span class='ocrx_word' id='word_1_196' title='bbox 1777 2383 1792 2411; x_wconf 91' lang='lat'>,</span> <span class='ocrx_word' id='word_1_197' title='bbox 1851 2356 1976 2398; x_wconf 88' lang='lat' dir='ltr'>eum</span> <span class='ocrx_word' id='word_1_198' title='bbox 2016 2341 2188 2398; x_wconf 83' lang='lat' dir='ltr'>artem</span> <span class='ocrx_word' id='word_1_199' title='bbox 2208 2383 2223 2410; x_wconf 94' lang='lat'>,</span> <span class='ocrx_word' id='word_1_200' title='bbox 2275 2337 2529 2420; x_wconf 82' lang='lat' dir='ltr'>inprimis</span> <span class='ocrx_word' id='word_1_201' title='bbox 2570 2337 2935 2414; x_wconf 78' lang='lat' dir='ltr'>chirurgieam</span> <span class='ocrx_word' id='word_1_202' title='bbox 2954 2382 2969 2408; x_wconf 92' lang='lat'>‚</span> <span class='ocrx_word' id='word_1_203' title='bbox 3012 2333 3348 2408; x_wconf 78' lang='lat' dir='ltr'>factitando,</span> <span class='ocrx_word' id='word_1_204' title='bbox 3390 2341 3509 2394; x_wconf 87' lang='lat' dir='ltr'>tum</span> <span class='ocrx_word' id='word_1_205' title='bbox 3550 2335 3873 2416; x_wconf 86' lang='lat' dir='ltr'>praesertim</span> <span class='ocrx_word' id='word_1_206' title='bbox 3912 2341 4199 2398; x_wconf 80' lang='lat' dir='ltr'>anatomsn</span> 
     </span>
     <span class='ocr_line' id='line_1_18' title="bbox 1145 2435 4201 2509; baseline -0.001 -9"><span class='ocrx_word' id='word_1_207' title='bbox 1145 2439 1396 2502; x_wconf 86' lang='lat' dir='ltr'>docendo</span> <span class='ocrx_word' id='word_1_208' title='bbox 1453 2440 1751 2502; x_wconf 81' lang='lat' dir='ltr'>maximam</span> <span class='ocrx_word' id='word_1_209' title='bbox 1797 2447 1994 2502; x_wconf 87' lang='lat' dir='ltr'>nactus</span> <span class='ocrx_word' id='word_1_210' title='bbox 2031 2445 2124 2500; x_wconf 86' lang='lat' dir='ltr'>est</span> <span class='ocrx_word' id='word_1_211' title='bbox 2165 2440 2344 2500; x_wconf 86' lang='lat' dir='ltr'>famae</span> <span class='ocrx_word' id='word_1_212' title='bbox 2386 2437 2795 2509; x_wconf 85' lang='lat' dir='ltr'>celebritatem,</span> <span class='ocrx_word' id='word_1_213' title='bbox 2850 2437 3165 2497; x_wconf 72' lang='lat' dir='ltr'>conferatur</span> <span class='ocrx_word' id='word_1_214' title='bbox 3204 2435 3615 2497; x_wconf 79' lang='lat' dir='ltr'>accuratissima</span> <span class='ocrx_word' id='word_1_215' title='bbox 3652 2452 4012 2498; x_wconf 69' lang='lat' dir='ltr'>nmmum</span> <span class='ocrx_word' id='word_1_216' title='bbox 4050 2453 4201 2497; x_wconf 75' lang='lat' dir='ltr'>sne·</span> 
     </span>
     <span class='ocr_line' id='line_1_19' title="bbox 1148 2538 4200 2624; baseline -0.001 -21"><span class='ocrx_word' id='word_1_217' title='bbox 1148 2560 1358 2604; x_wconf 69' lang='lat' dir='ltr'>rmum</span> <span class='ocrx_word' id='word_1_218' title='bbox 1419 2560 1626 2604; x_wconf 64' lang='lat' dir='ltr'>annu</span> <span class='ocrx_word' id='word_1_219' title='bbox 1681 2544 1956 2614; x_wconf 84' lang='lat' dir='ltr'>narratio,</span> <span class='ocrx_word' id='word_1_220' title='bbox 2019 2564 2188 2624; x_wconf 84' lang='lat' dir='ltr'>quam</span> <span class='ocrx_word' id='word_1_221' title='bbox 2248 2557 2684 2603; x_wconf 69' lang='lat' dir='ltr'>sanmronnus</span> <span class='ocrx_word' id='word_1_222' title='bbox 2734 2539 2967 2601; x_wconf 81' lang='lat' dir='ltr'>insemit</span> <span class='ocrx_word' id='word_1_223' title='bbox 3022 2538 3436 2600; x_wconf 65' lang='lat' dir='ltr'>Introduction·</span> <span class='ocrx_word' id='word_1_224' title='bbox 3482 2539 3663 2619; x_wconf 83' lang='lat' dir='ltr'>operis</span> <span class='ocrx_word' id='word_1_225' title='bbox 3714 2539 3933 2619; x_wconf 77' lang='lat' dir='ltr'>saepius</span> <span class='ocrx_word' id='word_1_226' title='bbox 3972 2538 4200 2612; x_wconf 79' lang='lat' dir='ltr'>laudati,</span> 
     </span>
     <span class='ocr_line' id='line_1_20' title="bbox 1151 2639 4203 2727; baseline -0.003 -19"><span class='ocrx_word' id='word_1_227' title='bbox 1151 2665 1208 2726; x_wconf 85' lang='lat' dir='ltr'>p.</span> <span class='ocrx_word' id='word_1_228' title='bbox 1249 2663 1362 2708; x_wconf 74' lang='lat' dir='ltr'>nv</span> <span class='ocrx_word' id='word_1_229' title='bbox 1401 2666 1524 2727; x_wconf 88' lang='lat' dir='ltr'>sqq.</span> <span class='ocrx_word' id='word_1_230' title='bbox 1581 2645 1984 2708; x_wconf 78' lang='lat' dir='ltr'>Amstelodami</span> <span class='ocrx_word' id='word_1_231' title='bbox 2035 2651 2272 2726; x_wconf 84' lang='lat' dir='ltr'>quatuor</span> <span class='ocrx_word' id='word_1_232' title='bbox 2327 2645 2447 2705; x_wconf 79' lang='lat' dir='ltr'>fere</span> <span class='ocrx_word' id='word_1_233' title='bbox 2501 2645 2675 2706; x_wconf 83' lang='lat' dir='ltr'>lustra</span> <span class='ocrx_word' id='word_1_234' title='bbox 2726 2641 2943 2716; x_wconf 83' lang='lat' dir='ltr'>floruit,</span> <span class='ocrx_word' id='word_1_235' title='bbox 3000 2640 3285 2719; x_wconf 81' lang='lat' dir='ltr'>Lugduni·</span> <span class='ocrx_word' id='word_1_236' title='bbox 3288 2639 3619 2702; x_wconf 79' lang='lat' dir='ltr'>Batavorum</span> <span class='ocrx_word' id='word_1_237' title='bbox 3672 2641 3735 2702; x_wconf 86' lang='lat' dir='ltr'>in</span> <span class='ocrx_word' id='word_1_238' title='bbox 3782 2639 3971 2702; x_wconf 85' lang='lat' dir='ltr'>locum</span> <span class='ocrx_word' id='word_1_239' title='bbox 4008 2657 4203 2702; x_wconf 70' lang='lat' dir='ltr'>mni-01</span> 
     </span>
     <span class='ocr_line' id='line_1_21' title="bbox 1146 2743 4203 2826; baseline -0.002 -16"><span class='ocrx_word' id='word_1_240' title='bbox 1146 2747 1400 2812; x_wconf 84' lang='lat' dir='ltr'>suffectus</span> <span class='ocrx_word' id='word_1_241' title='bbox 1455 2749 1780 2812; x_wconf 84' lang='lat' dir='ltr'>sexennium</span> <span class='ocrx_word' id='word_1_242' title='bbox 1837 2753 2052 2810; x_wconf 73' lang='lat' dir='ltr'>tentum</span> <span class='ocrx_word' id='word_1_243' title='bbox 2111 2749 2289 2826; x_wconf 71' lang='lat' dir='ltr'>degit·</span> <span class='ocrx_word' id='word_1_244' title='bbox 2374 2745 2537 2807; x_wconf 88' lang='lat' dir='ltr'>Obiit</span> <span class='ocrx_word' id='word_1_245' title='bbox 2588 2745 2800 2806; x_wconf 86' lang='lat' dir='ltr'>scilieet</span> <span class='ocrx_word' id='word_1_246' title='bbox 2850 2764 2998 2807; x_wconf 87' lang='lat' dir='ltr'>anno</span> <span class='ocrx_word' id='word_1_247' title='bbox 3042 2746 3235 2818; x_wconf 77' lang='lat'>1719,</span> <span class='ocrx_word' id='word_1_248' title='bbox 3292 2743 3489 2806; x_wconf 80' lang='lat' dir='ltr'>aetatis</span> <span class='ocrx_word' id='word_1_249' title='bbox 3528 2761 3648 2816; x_wconf 82' lang='lat' dir='ltr'>m,</span> <span class='ocrx_word' id='word_1_250' title='bbox 3704 2743 3965 2806; x_wconf 89' lang='lat' dir='ltr'>diuturno</span> <span class='ocrx_word' id='word_1_251' title='bbox 4000 2745 4203 2805; x_wconf 78' lang='lat' dir='ltr'>cerebri</span> 
     </span>
     <span class='ocr_line' id='line_1_22' title="bbox 1147 2847 4197 2933; baseline -0.003 -19"><span class='ocrx_word' id='word_1_252' title='bbox 1147 2851 1345 2914; x_wconf 87' lang='lat' dir='ltr'>morbo</span> <span class='ocrx_word' id='word_1_253' title='bbox 1411 2851 1636 2913; x_wconf 79' lang='lat' dir='ltr'>fractus.</span> <span class='ocrx_word' id='word_1_254' title='bbox 1727 2851 1954 2914; x_wconf 83' lang='lat' dir='ltr'>Praeter</span> <span class='ocrx_word' id='word_1_255' title='bbox 2007 2851 2286 2933; x_wconf 84' lang='lat' dir='ltr'>specimen</span> <span class='ocrx_word' id='word_1_256' title='bbox 2345 2849 2719 2911; x_wconf 84' lang='lat' dir='ltr'>academicum</span> <span class='ocrx_word' id='word_1_257' title='bbox 2776 2847 3061 2926; x_wconf 81' lang='lat' dir='ltr'>egregium</span> <span class='ocrx_word' id='word_1_258' title='bbox 3110 2847 3179 2907; x_wconf 78' lang='lat' dir='ltr'>de</span> <span class='ocrx_word' id='word_1_259' title='bbox 3231 2853 3361 2907; x_wconf 75' lang='lat' dir='ltr'>ortu</span> <span class='ocrx_word' id='word_1_260' title='bbox 3396 2853 3457 2908; x_wconf 75' lang='lat' dir='ltr'>et</span> <span class='ocrx_word' id='word_1_261' title='bbox 3495 2847 3903 2923; x_wconf 60' lang='lat' dir='ltr'>remotim</span> <span class='ocrx_word' id='word_1_262' title='bbox 3938 2847 4197 2918; x_wconf 59' lang='lat' dir='ltr'>datin,</span> 
     </span>
     <span class='ocr_line' id='line_1_23' title="bbox 1141 2947 4201 3036; baseline -0.002 -21"><span class='ocrx_word' id='word_1_263' title='bbox 1141 2971 1291 3015; x_wconf 87' lang='lat' dir='ltr'>anno</span> <span class='ocrx_word' id='word_1_264' title='bbox 1357 2956 1517 3014; x_wconf 80' lang='lat'>1694</span> <span class='ocrx_word' id='word_1_265' title='bbox 1577 2952 1894 3027; x_wconf 71' lang='lat' dir='ltr'>defensum,</span> <span class='ocrx_word' id='word_1_266' title='bbox 1960 2973 2132 3036; x_wconf 80' lang='lat' dir='ltr'>pauca</span> <span class='ocrx_word' id='word_1_267' title='bbox 2185 2954 2395 3036; x_wconf 88' lang='lat' dir='ltr'>scripta</span> <span class='ocrx_word' id='word_1_268' title='bbox 2452 2952 2709 3033; x_wconf 90' lang='lat' dir='ltr'>reliquit,</span> <span class='ocrx_word' id='word_1_269' title='bbox 2764 2954 2823 3012; x_wconf 90' lang='lat' dir='ltr'>at</span> <span class='ocrx_word' id='word_1_270' title='bbox 2880 2969 3041 3024; x_wconf 80' lang='lat' dir='ltr'>vero,</span> <span class='ocrx_word' id='word_1_271' title='bbox 3096 2949 3559 3030; x_wconf 85' lang='lat' dir='ltr'>quemadmodum</span> <span class='ocrx_word' id='word_1_272' title='bbox 3615 2950 3687 3012; x_wconf 91' lang='lat' dir='ltr'>de</span> <span class='ocrx_word' id='word_1_273' title='bbox 3724 2947 4008 3032; x_wconf 85' lang='lat' dir='ltr'>discipulis</span> <span class='ocrx_word' id='word_1_274' title='bbox 4045 2955 4201 3030; x_wconf 85' lang='lat' dir='ltr'>atque</span> 
     </span>
     <span class='ocr_line' id='line_1_24' title="bbox 1139 3052 4200 3149; baseline -0.002 -31"><span class='ocrx_word' id='word_1_275' title='bbox 1139 3055 1551 3127; x_wconf 85' lang='lat' dir='ltr'>laborantibus,</span> <span class='ocrx_word' id='word_1_276' title='bbox 1605 3061 1726 3117; x_wconf 89' lang='lat' dir='ltr'>tum</span> <span class='ocrx_word' id='word_1_277' title='bbox 1781 3056 1935 3130; x_wconf 87' lang='lat' dir='ltr'>aliis,</span> <span class='ocrx_word' id='word_1_278' title='bbox 1991 3062 2110 3119; x_wconf 88' lang='lat' dir='ltr'>tum</span> <span class='ocrx_word' id='word_1_279' title='bbox 2165 3055 2421 3149; x_wconf 87' lang='lat' dir='ltr'>inprimis</span> <span class='ocrx_word' id='word_1_280' title='bbox 2478 3052 2796 3127; x_wconf 87' lang='lat' dir='ltr'>calculosis,</span> <span class='ocrx_word' id='word_1_281' title='bbox 2852 3054 2933 3114; x_wconf 89' lang='lat' dir='ltr'>sic</span> <span class='ocrx_word' id='word_1_282' title='bbox 2986 3052 3153 3115; x_wconf 88' lang='lat' dir='ltr'>etiam</span> <span class='ocrx_word' id='word_1_283' title='bbox 3200 3053 3271 3115; x_wconf 92' lang='lat' dir='ltr'>de</span> <span class='ocrx_word' id='word_1_284' title='bbox 3310 3055 3557 3115; x_wconf 68' lang='lat' dir='ltr'>&#39;theatro</span> <span class='ocrx_word' id='word_1_285' title='bbox 3596 3054 3909 3115; x_wconf 71' lang='lat' dir='ltr'>anatomici&gt;</span> <span class='ocrx_word' id='word_1_286' title='bbox 3948 3052 4200 3115; x_wconf 83' lang='lat' dir='ltr'>Leidensi</span> 
     </span>
     <span class='ocr_line' id='line_1_25' title="bbox 1147 3157 1978 3238; baseline 0.004 -20"><span class='ocrx_word' id='word_1_287' title='bbox 1147 3176 1314 3238; x_wconf 83' lang='lat' dir='ltr'>quam</span> <span class='ocrx_word' id='word_1_288' title='bbox 1353 3157 1562 3238; x_wconf 85' lang='lat' dir='ltr'>optime</span> <span class='ocrx_word' id='word_1_289' title='bbox 1601 3158 1832 3219; x_wconf 85' lang='lat' dir='ltr'>meritus</span> <span class='ocrx_word' id='word_1_290' title='bbox 1873 3166 1978 3221; x_wconf 82' lang='lat' dir='ltr'>est.</span> 
     </span>
    </p>

    <p class='ocr_par' dir='ltr' id='par_1_5' title="bbox 1141 3257 4197 4881">
     <span class='ocr_line' id='line_1_26' title="bbox 1227 3257 4197 3341; baseline 0 -23"><span class='ocrx_word' id='word_1_291' title='bbox 1227 3257 1308 3340; x_wconf 82' lang='lat'>⁸⁰)</span> <span class='ocrx_word' id='word_1_292' title='bbox 1366 3260 1416 3318; x_wconf 84' lang='lat' dir='ltr'><strong>E</strong></span> <span class='ocrx_word' id='word_1_293' title='bbox 1469 3259 1647 3320; x_wconf 87' lang='lat' dir='ltr'>nobili</span> <span class='ocrx_word' id='word_1_294' title='bbox 1705 3277 2058 3322; x_wconf 68' lang='lat' dir='ltr'>ammonuit</span> <span class='ocrx_word' id='word_1_295' title='bbox 2111 3266 2280 3340; x_wconf 83' lang='lat' dir='ltr'>gente</span> <span class='ocrx_word' id='word_1_296' title='bbox 2335 3259 2677 3341; x_wconf 86' lang='lat' dir='ltr'>quatuorviri</span> <span class='ocrx_word' id='word_1_297' title='bbox 2722 3259 2985 3337; x_wconf 85' lang='lat' dir='ltr'>ingenio,</span> <span class='ocrx_word' id='word_1_298' title='bbox 3040 3258 3323 3334; x_wconf 83' lang='lat' dir='ltr'>doctrina,</span> <span class='ocrx_word' id='word_1_299' title='bbox 3379 3258 3629 3321; x_wconf 86' lang='lat' dir='ltr'>moribus</span> <span class='ocrx_word' id='word_1_300' title='bbox 3670 3258 3936 3339; x_wconf 75' lang='lat' dir='ltr'>praeclari</span> <span class='ocrx_word' id='word_1_301' title='bbox 3972 3260 4197 3321; x_wconf 71' lang='lat' dir='ltr'>multum</span> 
     </span>
     <span class='ocr_line' id='line_1_27' title="bbox 1147 3359 4197 3444; baseline -0.001 -19"><span class='ocrx_word' id='word_1_302' title='bbox 1147 3363 1500 3425; x_wconf 86' lang='lat' dir='ltr'>contuleruut</span> <span class='ocrx_word' id='word_1_303' title='bbox 1558 3362 1627 3423; x_wconf 88' lang='lat' dir='ltr'>ad</span> <span class='ocrx_word' id='word_1_304' title='bbox 1688 3368 1866 3424; x_wconf 83' lang='lat' dir='ltr'>artem</span> <span class='ocrx_word' id='word_1_305' title='bbox 1930 3370 1988 3424; x_wconf 90' lang='lat' dir='ltr'>et</span> <span class='ocrx_word' id='word_1_306' title='bbox 2045 3364 2334 3427; x_wconf 86' lang='lat' dir='ltr'>scientiam</span> <span class='ocrx_word' id='word_1_307' title='bbox 2398 3363 2669 3425; x_wconf 87' lang='lat' dir='ltr'>medicam</span> <span class='ocrx_word' id='word_1_308' title='bbox 2688 3406 2704 3436; x_wconf 91' lang='lat'>,</span> <span class='ocrx_word' id='word_1_309' title='bbox 2758 3382 2925 3443; x_wconf 84' lang='lat' dir='ltr'>quam</span> <span class='ocrx_word' id='word_1_310' title='bbox 2978 3362 3085 3444; x_wconf 86' lang='lat' dir='ltr'>ipsi</span> <span class='ocrx_word' id='word_1_311' title='bbox 3140 3362 3347 3424; x_wconf 83' lang='lat' dir='ltr'>Leidae</span> <span class='ocrx_word' id='word_1_312' title='bbox 3401 3361 3725 3443; x_wconf 86' lang='lat' dir='ltr'>praesertim</span> <span class='ocrx_word' id='word_1_313' title='bbox 3761 3359 4101 3434; x_wconf 84' lang='lat' dir='ltr'>didicerunt,</span> <span class='ocrx_word' id='word_1_314' title='bbox 4141 3360 4197 3421; x_wconf 90' lang='lat' dir='ltr'>in</span> 
     </span>
     <span class='ocr_line' id='line_1_28' title="bbox 1147 3464 4193 3546; baseline -0 -21"><span class='ocrx_word' id='word_1_315' title='bbox 1147 3465 1324 3546; x_wconf 83' lang='lat' dir='ltr'>patria</span> <span class='ocrx_word' id='word_1_316' title='bbox 1359 3470 1548 3526; x_wconf 86' lang='lat' dir='ltr'>nostra</span> <span class='ocrx_word' id='word_1_317' title='bbox 1584 3465 1984 3528; x_wconf 79' lang='lat' dir='ltr'>vindicandam.</span> <span class='ocrx_word' id='word_1_318' title='bbox 2065 3468 2231 3527; x_wconf 85' lang='lat' dir='ltr'>Pater</span> <span class='ocrx_word' id='word_1_319' title='bbox 2247 3512 2264 3540; x_wconf 92' lang='lat'>,</span> <span class='ocrx_word' id='word_1_320' title='bbox 2301 3482 2703 3527; x_wconf 61' lang='lat' dir='ltr'>anaximenes</span> <span class='ocrx_word' id='word_1_321' title='bbox 2737 3480 2991 3527; x_wconf 64' lang='lat' dir='ltr'>amamus</span> <span class='ocrx_word' id='word_1_322' title='bbox 3009 3511 3024 3538; x_wconf 91' lang='lat'>,</span> <span class='ocrx_word' id='word_1_323' title='bbox 3060 3464 3171 3540; x_wconf 85' lang='lat' dir='ltr'>(sic</span> <span class='ocrx_word' id='word_1_324' title='bbox 3206 3465 3297 3525; x_wconf 82' lang='lat' dir='ltr'>avi</span> <span class='ocrx_word' id='word_1_325' title='bbox 3332 3464 3593 3546; x_wconf 88' lang='lat' dir='ltr'>patruelis</span> <span class='ocrx_word' id='word_1_326' title='bbox 3608 3509 3624 3538; x_wconf 94' lang='lat'>,</span> <span class='ocrx_word' id='word_1_327' title='bbox 3660 3482 3885 3525; x_wconf 63' lang='lat' dir='ltr'>paraus</span> <span class='ocrx_word' id='word_1_328' title='bbox 3919 3480 4193 3535; x_wconf 67' lang='lat' dir='ltr'>anninus,</span> 
     </span>
     <span class='ocr_line' id='line_1_29' title="bbox 1143 3555 4195 3647; baseline -0.001 -18"><span class='ocrx_word' id='word_1_329' title='bbox 1143 3555 1386 3629; x_wconf 70' lang='lat' dir='ltr'>Poeseo’s</span> <span class='ocrx_word' id='word_1_330' title='bbox 1441 3576 1498 3630; x_wconf 90' lang='lat' dir='ltr'>et</span> <span class='ocrx_word' id='word_1_331' title='bbox 1557 3567 1876 3629; x_wconf 79' lang='lat' dir='ltr'>Matheseos</span> <span class='ocrx_word' id='word_1_332' title='bbox 1913 3568 2198 3630; x_wconf 84' lang='lat' dir='ltr'>Professor</span> <span class='ocrx_word' id='word_1_333' title='bbox 2239 3568 2737 3647; x_wconf 78' lang='lat' dir='ltr'>Wittebergensis,</span> <span class='ocrx_word' id='word_1_334' title='bbox 2794 3568 3130 3646; x_wconf 84' lang='lat' dir='ltr'>gentilitium</span> <span class='ocrx_word' id='word_1_335' title='bbox 3173 3584 3349 3629; x_wconf 72' lang='lat' dir='ltr'>weles</span> <span class='ocrx_word' id='word_1_336' title='bbox 3388 3567 3980 3643; x_wconf 78' lang='lat' dir='ltr'>transnominavecat),</span> <span class='ocrx_word' id='word_1_337' title='bbox 4022 3580 4195 3627; x_wconf 61' lang='lat' dir='ltr'>aaut·</span> 
     </span>
     <span class='ocr_line' id='line_1_30' title="bbox 1147 3670 4195 3753; baseline -0.001 -22"><span class='ocrx_word' id='word_1_338' title='bbox 1147 3686 1386 3731; x_wconf 71' lang='lat' dir='ltr'>manus</span> <span class='ocrx_word' id='word_1_339' title='bbox 1441 3670 1613 3748; x_wconf 77' lang='lat' dir='ltr'>igitur</span> <span class='ocrx_word' id='word_1_340' title='bbox 1665 3670 1882 3750; x_wconf 88' lang='lat' dir='ltr'>duoque</span> <span class='ocrx_word' id='word_1_341' title='bbox 1933 3673 2104 3753; x_wconf 86' lang='lat' dir='ltr'>ipsius</span> <span class='ocrx_word' id='word_1_342' title='bbox 2159 3672 2294 3743; x_wconf 83' lang='lat' dir='ltr'>filii,</span> <span class='ocrx_word' id='word_1_343' title='bbox 2352 3688 2753 3733; x_wconf 66' lang='lat' dir='ltr'>annualibus</span> <span class='ocrx_word' id='word_1_344' title='bbox 2802 3688 3188 3732; x_wconf 74' lang='lat' dir='ltr'>amer-alanus</span> <span class='ocrx_word' id='word_1_345' title='bbox 3240 3676 3297 3731; x_wconf 84' lang='lat' dir='ltr'>et</span> <span class='ocrx_word' id='word_1_346' title='bbox 3348 3686 3719 3731; x_wconf 69' lang='lat' dir='ltr'>mammons</span> <span class='ocrx_word' id='word_1_347' title='bbox 3772 3684 4195 3740; x_wconf 69' lang='lat' dir='ltr'>transancos,</span> 
     </span>
     <span class='ocr_line' id='line_1_31' title="bbox 1145 3770 4193 3851; baseline -0.002 -16"><span class='ocrx_word' id='word_1_348' title='bbox 1145 3772 1478 3835; x_wconf 83' lang='lat' dir='ltr'>Leidensem</span> <span class='ocrx_word' id='word_1_349' title='bbox 1534 3781 1798 3834; x_wconf 86' lang='lat' dir='ltr'>ornarunt</span> <span class='ocrx_word' id='word_1_350' title='bbox 1855 3774 2203 3847; x_wconf 85' lang='lat' dir='ltr'>cathedram,</span> <span class='ocrx_word' id='word_1_351' title='bbox 2269 3774 2466 3835; x_wconf 82' lang='lat' dir='ltr'>tertius</span> <span class='ocrx_word' id='word_1_352' title='bbox 2483 3819 2500 3848; x_wconf 92' lang='lat'>,</span> <span class='ocrx_word' id='word_1_353' title='bbox 2556 3790 2954 3835; x_wconf 67' lang='lat' dir='ltr'>cumulantis</span> <span class='ocrx_word' id='word_1_354' title='bbox 3006 3789 3439 3847; x_wconf 68' lang='lat' dir='ltr'>Bnuunnus,</span> <span class='ocrx_word' id='word_1_355' title='bbox 3496 3774 3637 3833; x_wconf 80' lang='lat' dir='ltr'>alter</span> <span class='ocrx_word' id='word_1_356' title='bbox 3674 3792 3711 3833; x_wconf 81' lang='lat' dir='ltr'>a</span> <span class='ocrx_word' id='word_1_357' title='bbox 3750 3778 3886 3851; x_wconf 76' lang='lat' dir='ltr'>natu</span> <span class='ocrx_word' id='word_1_358' title='bbox 3924 3770 4193 3842; x_wconf 78' lang='lat' dir='ltr'>maximo,</span> 
     </span>
     <span class='ocr_line' id='line_1_32' title="bbox 1141 3875 4196 3957; baseline 0 -22"><span class='ocrx_word' id='word_1_359' title='bbox 1141 3875 1766 3938; x_wconf 81' lang='lat' dir='ltr'>Rheno-Traiectinam.</span> <span class='ocrx_word' id='word_1_360' title='bbox 1849 3878 2200 3957; x_wconf 72' lang='lat' dir='ltr'>Quamquam</span> <span class='ocrx_word' id='word_1_361' title='bbox 2243 3893 2681 3951; x_wconf 61' lang='lat' dir='ltr'>alamannus,</span> <span class='ocrx_word' id='word_1_362' title='bbox 2742 3877 3123 3939; x_wconf 65' lang='lat' dir='ltr'>Donaviensis</span> <span class='ocrx_word' id='word_1_363' title='bbox 3158 3878 3253 3936; x_wconf 88' lang='lat' dir='ltr'>ille</span> <span class='ocrx_word' id='word_1_364' title='bbox 3271 3920 3286 3949; x_wconf 92' lang='lat'>,</span> <span class='ocrx_word' id='word_1_365' title='bbox 3344 3898 3399 3937; x_wconf 88' lang='lat' dir='ltr'>a.</span> <span class='ocrx_word' id='word_1_366' title='bbox 3444 3879 3599 3937; x_wconf 73' lang='lat'>1558</span> <span class='ocrx_word' id='word_1_367' title='bbox 3638 3880 3832 3947; x_wconf 81' lang='lat' dir='ltr'>natus,</span> <span class='ocrx_word' id='word_1_368' title='bbox 3876 3894 4037 3935; x_wconf 86' lang='lat' dir='ltr'>carus</span> <span class='ocrx_word' id='word_1_369' title='bbox 4072 3892 4196 3955; x_wconf 79' lang='lat' dir='ltr'>prae</span> 
     </span>
     <span class='ocr_line' id='line_1_33' title="bbox 1147 3976 4194 4060; baseline -0.001 -21"><span class='ocrx_word' id='word_1_370' title='bbox 1147 3978 1402 4039; x_wconf 86' lang='lat' dir='ltr'>omnibus</span> <span class='ocrx_word' id='word_1_371' title='bbox 1422 4022 1438 4050; x_wconf 90' lang='lat'>,</span> <span class='ocrx_word' id='word_1_372' title='bbox 1493 3984 1558 4038; x_wconf 86' lang='lat' dir='ltr'>ut</span> <span class='ocrx_word' id='word_1_373' title='bbox 1597 4000 1628 4039; x_wconf 88' lang='lat' dir='ltr'>e</span> <span class='ocrx_word' id='word_1_374' title='bbox 1665 3994 2061 4041; x_wconf 70' lang='lat' dir='ltr'>manaaavm</span> <span class='ocrx_word' id='word_1_375' title='bbox 2103 3980 2465 4057; x_wconf 81' lang='lat' dir='ltr'>eognovimus</span> <span class='ocrx_word' id='word_1_376' title='bbox 2484 4024 2499 4052; x_wconf 87' lang='lat'>,</span> <span class='ocrx_word' id='word_1_377' title='bbox 2552 3996 2993 4041; x_wconf 70' lang='lat' dir='ltr'>naaaluouarn</span> <span class='ocrx_word' id='word_1_378' title='bbox 3030 3979 3329 4060; x_wconf 82' lang='lat' dir='ltr'>discipulus</span> <span class='ocrx_word' id='word_1_379' title='bbox 3346 4023 3363 4051; x_wconf 90' lang='lat'>,</span> <span class='ocrx_word' id='word_1_380' title='bbox 3406 3984 3694 4039; x_wconf 84' lang='lat' dir='ltr'>anatomes</span> <span class='ocrx_word' id='word_1_381' title='bbox 3726 3980 3899 4039; x_wconf 72' lang='lat' dir='ltr'>etiam</span> <span class='ocrx_word' id='word_1_382' title='bbox 3942 3976 4194 4058; x_wconf 80' lang='lat' dir='ltr'>peritissi-</span> 
     </span>
     <span class='ocr_line' id='line_1_34' title="bbox 1149 4078 4197 4165; baseline -0 -26"><span class='ocrx_word' id='word_1_383' title='bbox 1149 4100 1274 4140; x_wconf 84' lang='lat' dir='ltr'>mus</span> <span class='ocrx_word' id='word_1_384' title='bbox 1331 4081 1500 4141; x_wconf 70' lang='lat' dir='ltr'>fuisse</span> <span class='ocrx_word' id='word_1_385' title='bbox 1563 4081 1810 4159; x_wconf 80' lang='lat' dir='ltr'>videtur,</span> <span class='ocrx_word' id='word_1_386' title='bbox 1871 4083 2126 4163; x_wconf 83' lang='lat' dir='ltr'>inprimis</span> <span class='ocrx_word' id='word_1_387' title='bbox 2189 4088 2374 4143; x_wconf 84' lang='lat' dir='ltr'>tamen</span> <span class='ocrx_word' id='word_1_388' title='bbox 2434 4082 2691 4145; x_wconf 86' lang='lat' dir='ltr'>excelluit</span> <span class='ocrx_word' id='word_1_389' title='bbox 2750 4082 2868 4165; x_wconf 83' lang='lat' dir='ltr'>ipsa</span> <span class='ocrx_word' id='word_1_390' title='bbox 2888 4127 2904 4156; x_wconf 92' lang='lat'>,</span> <span class='ocrx_word' id='word_1_391' title='bbox 2966 4102 3133 4163; x_wconf 85' lang='lat' dir='ltr'>quam</span> <span class='ocrx_word' id='word_1_392' title='bbox 3188 4082 3339 4143; x_wconf 80' lang='lat' dir='ltr'>vario</span> <span class='ocrx_word' id='word_1_393' title='bbox 3394 4083 3555 4143; x_wconf 79' lang='lat' dir='ltr'>titulo</span> <span class='ocrx_word' id='word_1_394' title='bbox 3610 4080 3886 4143; x_wconf 70' lang='lat' dir='ltr'>factitavit</span> <span class='ocrx_word' id='word_1_395' title='bbox 3918 4088 3977 4142; x_wconf 87' lang='lat' dir='ltr'>et</span> <span class='ocrx_word' id='word_1_396' title='bbox 4014 4078 4197 4143; x_wconf 81' lang='lat' dir='ltr'>docuit</span> 
     </span>
     <span class='ocr_line' id='line_1_35' title="bbox 1153 4180 4192 4267; baseline 0.002 -26"><span class='ocrx_word' id='word_1_397' title='bbox 1153 4200 1370 4261; x_wconf 85' lang='lat' dir='ltr'>qnoque</span> <span class='ocrx_word' id='word_1_398' title='bbox 1385 4224 1400 4251; x_wconf 92' lang='lat'>,</span> <span class='ocrx_word' id='word_1_399' title='bbox 1456 4180 1744 4243; x_wconf 86' lang='lat' dir='ltr'>medicina.</span> <span class='ocrx_word' id='word_1_400' title='bbox 1827 4184 1959 4243; x_wconf 86' lang='lat' dir='ltr'>Filii</span> <span class='ocrx_word' id='word_1_401' title='bbox 2013 4204 2142 4245; x_wconf 83' lang='lat' dir='ltr'>vero</span> <span class='ocrx_word' id='word_1_402' title='bbox 2159 4230 2176 4258; x_wconf 88' lang='lat'>,</span> <span class='ocrx_word' id='word_1_403' title='bbox 2231 4185 2364 4246; x_wconf 87' lang='lat' dir='ltr'>licet</span> <span class='ocrx_word' id='word_1_404' title='bbox 2404 4188 2575 4267; x_wconf 88' lang='lat' dir='ltr'>patris</span> <span class='ocrx_word' id='word_1_405' title='bbox 2616 4188 2927 4266; x_wconf 82' lang='lat' dir='ltr'>exemplum</span> <span class='ocrx_word' id='word_1_406' title='bbox 2968 4185 3141 4247; x_wconf 85' lang='lat' dir='ltr'>secuti</span> <span class='ocrx_word' id='word_1_407' title='bbox 3181 4187 3388 4245; x_wconf 88' lang='lat' dir='ltr'>nullam</span> <span class='ocrx_word' id='word_1_408' title='bbox 3430 4184 3676 4247; x_wconf 84' lang='lat' dir='ltr'>medicas</span> <span class='ocrx_word' id='word_1_409' title='bbox 3714 4184 4041 4267; x_wconf 79' lang='lat' dir='ltr'>disciplinae</span> <span class='ocrx_word' id='word_1_410' title='bbox 4076 4202 4192 4265; x_wconf 78' lang='lat' dir='ltr'>pst·</span> 
     </span>
     <span class='ocr_line' id='line_1_36' title="bbox 1153 4282 4192 4365; baseline 0.001 -22"><span class='ocrx_word' id='word_1_411' title='bbox 1153 4288 1268 4343; x_wconf 84' lang='lat' dir='ltr'>tem</span> <span class='ocrx_word' id='word_1_412' title='bbox 1323 4282 1700 4359; x_wconf 83' lang='lat' dir='ltr'>neglexerint,</span> <span class='ocrx_word' id='word_1_413' title='bbox 1756 4284 1872 4344; x_wconf 91' lang='lat' dir='ltr'>imo</span> <span class='ocrx_word' id='word_1_414' title='bbox 1918 4283 2148 4363; x_wconf 79' lang='lat' dir='ltr'>singulis</span> <span class='ocrx_word' id='word_1_415' title='bbox 2197 4290 2284 4349; x_wconf 76' lang='lat' dir='ltr'>vel</span> <span class='ocrx_word' id='word_1_416' title='bbox 2339 4286 2618 4350; x_wconf 84' lang='lat' dir='ltr'>tradendis</span> <span class='ocrx_word' id='word_1_417' title='bbox 2672 4290 2759 4349; x_wconf 83' lang='lat' dir='ltr'>vel</span> <span class='ocrx_word' id='word_1_418' title='bbox 2810 4288 2871 4347; x_wconf 87' lang='lat' dir='ltr'>in</span> <span class='ocrx_word' id='word_1_419' title='bbox 2923 4288 3325 4365; x_wconf 80' lang='lat' dir='ltr'>aegrotantium</span> <span class='ocrx_word' id='word_1_420' title='bbox 3366 4290 3593 4350; x_wconf 83' lang='lat' dir='ltr'>salutem</span> <span class='ocrx_word' id='word_1_421' title='bbox 3638 4286 3967 4349; x_wconf 84' lang='lat' dir='ltr'>adhibendis</span> <span class='ocrx_word' id='word_1_422' title='bbox 4006 4287 4079 4347; x_wconf 83' lang='lat' dir='ltr'>do</span> <span class='ocrx_word' id='word_1_423' title='bbox 4114 4285 4192 4345; x_wconf 88' lang='lat' dir='ltr'>di·</span> 
     </span>
     <span class='ocr_line' id='line_1_37' title="bbox 1153 4384 4195 4471; baseline 0.001 -25"><span class='ocrx_word' id='word_1_424' title='bbox 1153 4384 1376 4467; x_wconf 83' lang='lat' dir='ltr'>scipulis</span> <span class='ocrx_word' id='word_1_425' title='bbox 1431 4384 1654 4465; x_wconf 86' lang='lat' dir='ltr'>ipsaque</span> <span class='ocrx_word' id='word_1_426' title='bbox 1718 4386 1940 4447; x_wconf 80' lang='lat' dir='ltr'>civitate</span> <span class='ocrx_word' id='word_1_427' title='bbox 1996 4408 2160 4467; x_wconf 84' lang='lat' dir='ltr'>quam</span> <span class='ocrx_word' id='word_1_428' title='bbox 2213 4391 2423 4471; x_wconf 88' lang='lat' dir='ltr'>optime</span> <span class='ocrx_word' id='word_1_429' title='bbox 2482 4391 2665 4452; x_wconf 86' lang='lat' dir='ltr'>meriti</span> <span class='ocrx_word' id='word_1_430' title='bbox 2722 4392 2864 4464; x_wconf 88' lang='lat' dir='ltr'>sint,</span> <span class='ocrx_word' id='word_1_431' title='bbox 2918 4389 3235 4471; x_wconf 84' lang='lat' dir='ltr'>praesertim</span> <span class='ocrx_word' id='word_1_432' title='bbox 3276 4395 3463 4451; x_wconf 83' lang='lat' dir='ltr'>tamen</span> <span class='ocrx_word' id='word_1_433' title='bbox 3504 4391 3879 4452; x_wconf 86' lang='lat' dir='ltr'>inclaruerunt</span> <span class='ocrx_word' id='word_1_434' title='bbox 3919 4394 4195 4451; x_wconf 85' lang='lat' dir='ltr'>anatomes</span> 
     </span>
     <span class='ocr_line' id='line_1_38' title="bbox 1151 4486 4193 4571; baseline 0.002 -22"><span class='ocrx_word' id='word_1_435' title='bbox 1151 4486 1402 4549; x_wconf 80' lang='lat' dir='ltr'>scientia.</span> <span class='ocrx_word' id='word_1_436' title='bbox 1485 4486 1730 4549; x_wconf 86' lang='lat' dir='ltr'>Eminuit</span> <span class='ocrx_word' id='word_1_437' title='bbox 1783 4494 1968 4551; x_wconf 85' lang='lat' dir='ltr'>autem</span> <span class='ocrx_word' id='word_1_438' title='bbox 2019 4490 2166 4551; x_wconf 85' lang='lat' dir='ltr'>inter</span> <span class='ocrx_word' id='word_1_439' title='bbox 2220 4492 2419 4554; x_wconf 80' lang='lat' dir='ltr'>fratres</span> <span class='ocrx_word' id='word_1_440' title='bbox 2476 4511 2875 4555; x_wconf 69' lang='lat' dir='ltr'>assumimus</span> <span class='ocrx_word' id='word_1_441' title='bbox 2926 4509 3345 4566; x_wconf 69' lang='lat' dir='ltr'>siauranznus,</span> <span class='ocrx_word' id='word_1_442' title='bbox 3388 4512 3515 4555; x_wconf 86' lang='lat' dir='ltr'>oum</span> <span class='ocrx_word' id='word_1_443' title='bbox 3556 4492 3788 4553; x_wconf 85' lang='lat' dir='ltr'>aliorum</span> <span class='ocrx_word' id='word_1_444' title='bbox 3804 4537 3820 4566; x_wconf 94' lang='lat'>,</span> <span class='ocrx_word' id='word_1_445' title='bbox 3866 4498 3989 4553; x_wconf 89' lang='lat' dir='ltr'>tum</span> <span class='ocrx_word' id='word_1_446' title='bbox 4029 4489 4193 4571; x_wconf 81' lang='lat' dir='ltr'>patris</span> 
     </span>
     <span class='ocr_line' id='line_1_39' title="bbox 1147 4588 4195 4677; baseline -0.001 -24"><span class='ocrx_word' id='word_1_447' title='bbox 1147 4596 1208 4653; x_wconf 88' lang='lat' dir='ltr'>et</span> <span class='ocrx_word' id='word_1_448' title='bbox 1265 4605 1675 4663; x_wconf 70' lang='lat' dir='ltr'>maanaavn,</span> <span class='ocrx_word' id='word_1_449' title='bbox 1740 4593 2058 4673; x_wconf 83' lang='lat' dir='ltr'>praesertim</span> <span class='ocrx_word' id='word_1_450' title='bbox 2121 4614 2252 4654; x_wconf 81' lang='lat' dir='ltr'>vero</span> <span class='ocrx_word' id='word_1_451' title='bbox 2313 4612 2491 4655; x_wconf 73' lang='lat' dir='ltr'>aava</span> <span class='ocrx_word' id='word_1_452' title='bbox 2548 4594 2873 4677; x_wconf 76' lang='lat' dir='ltr'>discipulus,</span> <span class='ocrx_word' id='word_1_453' title='bbox 2931 4614 3109 4674; x_wconf 82' lang='lat' dir='ltr'>neque</span> <span class='ocrx_word' id='word_1_454' title='bbox 3158 4594 3411 4673; x_wconf 83' lang='lat' dir='ltr'>aequales</span> <span class='ocrx_word' id='word_1_455' title='bbox 3469 4599 3685 4657; x_wconf 82' lang='lat' dir='ltr'>tantum</span> <span class='ocrx_word' id='word_1_456' title='bbox 3726 4599 3783 4655; x_wconf 86' lang='lat' dir='ltr'>et</span> <span class='ocrx_word' id='word_1_457' title='bbox 3824 4592 4062 4674; x_wconf 83' lang='lat' dir='ltr'>priores,</span> <span class='ocrx_word' id='word_1_458' title='bbox 4102 4588 4195 4651; x_wconf 84' lang='lat' dir='ltr'>sed</span> 
     </span>
     <span class='ocr_line' id='line_1_40' title="bbox 1145 4690 4195 4777; baseline 0.002 -24"><span class='ocrx_word' id='word_1_459' title='bbox 1145 4692 1433 4774; x_wconf 86' lang='lat' dir='ltr'>plerosque</span> <span class='ocrx_word' id='word_1_460' title='bbox 1488 4690 1654 4752; x_wconf 89' lang='lat' dir='ltr'>etiam</span> <span class='ocrx_word' id='word_1_461' title='bbox 1717 4714 1748 4754; x_wconf 89' lang='lat' dir='ltr'>e</span> <span class='ocrx_word' id='word_1_462' title='bbox 1800 4694 2030 4775; x_wconf 86' lang='lat' dir='ltr'>posteris</span> <span class='ocrx_word' id='word_1_463' title='bbox 2085 4695 2413 4755; x_wconf 85' lang='lat' dir='ltr'>anatomicis</span> <span class='ocrx_word' id='word_1_464' title='bbox 2468 4695 2655 4755; x_wconf 89' lang='lat' dir='ltr'>multis</span> <span class='ocrx_word' id='word_1_465' title='bbox 2711 4696 3031 4757; x_wconf 86' lang='lat' dir='ltr'>nominibus</span> <span class='ocrx_word' id='word_1_466' title='bbox 3088 4694 3380 4777; x_wconf 74' lang='lat' dir='ltr'>superavit.</span> <span class='ocrx_word' id='word_1_467' title='bbox 3463 4699 3647 4776; x_wconf 81' lang='lat' dir='ltr'>Atque</span> <span class='ocrx_word' id='word_1_468' title='bbox 3704 4694 3775 4757; x_wconf 88' lang='lat' dir='ltr'>de</span> <span class='ocrx_word' id='word_1_469' title='bbox 3820 4695 3932 4756; x_wconf 85' lang='lat' dir='ltr'>hoc</span> <span class='ocrx_word' id='word_1_470' title='bbox 3977 4692 4195 4775; x_wconf 74' lang='lat' dir='ltr'>quidem</span> 
     </span>
     <span class='ocr_line' id='line_1_41' title="bbox 1151 4794 4193 4881; baseline -0.001 -24"><span class='ocrx_word' id='word_1_471' title='bbox 1151 4795 1373 4875; x_wconf 87' lang='lat' dir='ltr'>eiusque</span> <span class='ocrx_word' id='word_1_472' title='bbox 1429 4794 1642 4859; x_wconf 84' lang='lat' dir='ltr'>meritis</span> <span class='ocrx_word' id='word_1_473' title='bbox 1699 4798 2011 4859; x_wconf 74' lang='lat' dir='ltr'>conferatur</span> <span class='ocrx_word' id='word_1_474' title='bbox 2065 4798 2320 4879; x_wconf 86' lang='lat' dir='ltr'>inprimis</span> <span class='ocrx_word' id='word_1_475' title='bbox 2378 4814 2761 4860; x_wconf 72' lang='lat' dir='ltr'>sanmroarn</span> <span class='ocrx_word' id='word_1_476' title='bbox 2818 4800 3169 4862; x_wconf 70' lang='lat' dir='ltr'>Inte-eductio</span> <span class='ocrx_word' id='word_1_477' title='bbox 3222 4799 3439 4881; x_wconf 84' lang='lat' dir='ltr'>saepius</span> <span class='ocrx_word' id='word_1_478' title='bbox 3490 4798 3713 4862; x_wconf 82' lang='lat' dir='ltr'>laudata</span> <span class='ocrx_word' id='word_1_479' title='bbox 3762 4818 3819 4879; x_wconf 88' lang='lat' dir='ltr'>p.</span> <span class='ocrx_word' id='word_1_480' title='bbox 3860 4814 4000 4859; x_wconf 81' lang='lat'>1111</span> <span class='ocrx_word' id='word_1_481' title='bbox 4046 4816 4193 4877; x_wconf 84' lang='lat' dir='ltr'>seqq.</span> 
     </span>
    </p>
   </div>
  </div>
 </body>
</html>
