4728 5991
1744 580 2448 650 ‘onA‘rlQ
3569 581 3699 650 227

641 791 793 866 inre
853 789 1185 879 dicenda,
1252 815 1391 867 non
1444 791 1611 892 quia
1668 790 1877 866 nnius
1924 791 2293 866 alteriusve
2344 787 2737 892 philosophi
2757 849 2777 880 ,
2840 789 3090 891 optimi
3151 788 3350 876 licet,
3402 789 3698 864 auctori-

640 911 771 986 teti
818 935 897 986 se
944 911 1407 1012 mancipavit,
1460 910 1583 987 sed
1638 910 1805 1011 quia
1855 912 2153 988 aeternis
2206 935 2578 1012 germanae
2627 910 3102 1010 philosophiae
3145 908 3418 1009 legibus
3473 935 3548 984 se
3595 911 3700 986 lu·

641 1029 891 1106 bonta:-
950 1032 1372 1121 adstrinxit,
1442 1057 1746 1132 suosque
1790 1032 2089 1107 cultores
2132 1057 2215 1107 eo
2260 1032 2636 1131 perducere
2683 1032 2957 1119 studet,
3018 1041 3096 1104 ut
3139 1055 3318 1129 qnae
3367 1031 3508 1104 fide
3559 1031 3700 1108 iam

642 1150 943 1250 amplexi
992 1161 1159 1226 sant
1200 1151 1269 1226 in
1300 1151 1451 1226 dies
1482 1153 1727 1227 melius
1760 1153 2143 1252 intelligere
2169 1153 2478 1253 possint,
2529 1177 2687 1227 cum
2723 1175 3060 1226 aussnuo
3095 1151 3222 1224 hoc
3254 1152 3693 1249 profitentem

648 1275 813 1372 equi
874 1297 1005 1345 non
1076 1273 1447 1348 crediderit
1468 1329 1487 1360 ,
1552 1299 1683 1346 non
1742 1275 2131 1372 experietur
2150 1331 2169 1362 ,
2229 1281 2301 1348 et
2347 1275 2466 1373 qm‘
2506 1280 2828 1370 expertus
2875 1297 3004 1346 non
3050 1273 3274 1358 fuerit
3288 1328 3309 1357 ,
3361 1297 3696 1371 nunquam

640 1393 1048 1490 intelli-yet?
1148 1403 1301 1466 Aut
1356 1391 1681 1491 equidem
1750 1393 2027 1492 egregie
2086 1392 2321 1480 fallor,
2389 1402 2514 1468 aut
2561 1392 2716 1467 talis
2761 1391 3136 1491 Theologia
3186 1389 3466 1465 tandem
3521 1415 3696 1488 qno-

640 1533 781 1610 que
822 1512 1413 1608 irenica-practica
1458 1510 1609 1585 erit.
1713 1511 1817 1586 Eo
1864 1511 2049 1585 enim
2096 1512 2367 1599 tendit,
2419 1521 2500 1585 ut
2545 1537 2663 1599 ea,
2715 1537 2935 1612 quae,
2986 1537 3025 1587 e
3069 1513 3140 1584 S.
3173 1511 3254 1585 C.
3305 1509 3696 1608 sapientes,

640 1629 943 1730 practica
1006 1641 1219 1728 atque
1292 1629 1775 1730 psychologica
1848 1631 1957 1706 via
2026 1632 2217 1705 intus
2284 1631 2423 1706 iam
2493 1633 2706 1730 probe
2785 1632 3350 1732 cognoverimus,
3423 1655 3697 1730 semper

640 1749 947 1848 penitius
986 1750 1401 1850 indagemus
1426 1785 1446 1841 ;
1498 1753 1689 1850 quod
1732 1761 1965 1826 antem
2016 1753 2117 1829 ita
2152 1752 2656 1840 invenerimus,
2706 1753 2958 1828 iterum
3009 1753 3080 1826 in
3133 1753 3372 1851 praxin
3414 1776 3694 1826 conver-

644 1879 917 1958 tamus,
968 1879 1039 1942 et
1086 1871 1290 1945 nobis
1334 1880 1407 1946 et
1452 1873 1607 1946 aliis
1656 1871 2201 1950 saluberrimam.
2301 1877 2609 1972 Πρᾶξις
2654 1875 2840 1948 enim
2898 1873 3277 1969 επιβασις
3323 1874 3694 1971 damnans,

639 1990 829 2088 qnod
898 2013 1341 2066 nazianzem
1406 1991 1695 2067 eflatum
1760 2019 1901 2092 quo
1966 1994 2211 2067 melius
2270 1994 2744 2094 intelligatur,
2811 2020 2893 2068 eo
2941 1996 3198 2069 certius
3245 1994 3696 2089 'Pheologiam

636 2109 1021 2210 poterimus
1080 2112 1421 2200 condere,
1493 2137 1673 2210 qnae
1741 2112 2087 2188 Ecclesiae
2130 2115 2367 2188 ruinas
2419 2125 2726 2212 reparet,
2777 2115 2930 2214 imq
2969 2115 3426 2213 scepticorum
3481 2113 3696 2187 etiam

636 2230 875 2306 oculos
925 2230 1217 2320 alliciat,
1270 2257 1529 2332 eosque
1573 2232 1659 2306 de
1706 2234 2035 2321 veritate,
2100 2259 2141 2308 a
2198 2235 2402 2308 nobis
2447 2233 2774 2324 defensa,
2841 2236 3160 2309 certiores
3209 2234 3488 2308 tandem
3539 2232 3693 2306 red-

638 2349 799 2424 dere
850 2351 1089 2448 possit.
1194 2348 1430 2440 Quid,
1481 2352 1667 2449 quod
1717 2354 1815 2427 ita
1860 2353 2353 2452 procedentes,
2403 2358 2804 2428 irenicorum
2857 2379 3137 2452 quoque
3182 2354 3693 2451 Theologorum

634 2471 923 2546 titulum
992 2469 1411 2570 laudemque
1487 2473 1946 2548 merebimur:
2021 2475 2279 2572 quippe
2350 2475 2608 2548 bellum
2683 2475 2946 2548 nullam
3007 2474 3213 2548 aliam
3265 2473 3356 2546 ob
3409 2496 3693 2547 causam

632 2601 1000 2691 parantes,
1072 2615 1281 2688 quam
1350 2591 1515 2689 quia
1578 2617 1817 2689 pacem
1892 2593 2238 2668 Ecclesiae
2299 2593 2659 2680 volumus,
2729 2593 3170 2666 honorificam
3215 2602 3450 2664 autem
3499 2590 3689 2666 illam

634 2722 850 2810 atque
884 2711 1177 2786 annino
1221 2711 1499 2786 nomine
1544 2713 1851 2810 dignam.
1954 2714 2102 2787 Pax
2150 2713 2335 2788 enim
2381 2713 2762 2800 Ecclesiae,
2813 2713 3005 2812 quod
3046 2736 3290 2787 omnes
3325 2721 3690 2784 teneamus

632 2841 945 2932 oportet,
1018 2857 1381 2930 nunquam
1460 2833 1732 2908 restitui
1802 2843 2068 2932 potest,
2142 2835 2297 2934 ipsa
2359 2835 2644 2908 veritate
2687 2817 3068 2933 neglecta&
3145 2833 3288 2908 sive
3354 2831 3424 2904 in
3500 2855 3690 2906 mera

630 2954 1041 3053 opinionum
1107 2961 1499 3030 commenta
1566 2956 1910 3032 conversa.
2014 2955 2287 3031 Veritas
2343 2964 2622 3045 autem„
2697 2954 2818 3029 ubi
2870 2953 3296 3054 triumphat,
3370 2977 3506 3027 non
3567 2977 3688 3051 po-

632 3081 769 3149 test
834 3099 976 3148 non
1048 3074 1474 3173 litigantium
1539 3076 1807 3149 animos
1877 3085 1949 3150 et
2014 3077 2293 3150 Christo
2360 3086 2432 3151 et
2493 3076 2626 3149 sibi
2685 3075 2975 3151 invicem
3039 3074 3438 3164 conciliare;
3501 3074 3688 3162 imo,

632 3194 819 3291 qnod
894 3195 1033 3269 iam
1108 3195 1458 3283 videmus,
1530 3222 1570 3269 e
1648 3196 1849 3270 variis
1912 3196 2175 3270 Christi
2242 3196 2518 3271 familiis
2579 3198 2910 3271 continuo
2957 3197 3059 3270 illi
3105 3198 3286 3271 inter
3327 3220 3478 3269 esse
3525 3220 3688 3267 oon-

628 3311 827 3413 inngi
900 3314 1284 3413 incipiunt,
1360 3315 1483 3414 qui
1551 3340 1760 3415 super
1822 3316 2066 3391 eodem
2120 3328 2418 3390 'aeterno
2483 3316 2938 3391 fundamento
3007 3326 3080 3391 et
3143 3316 3274 3414 ipsi
3346 3314 3691 3390 aedificati

630 3446 793 3507 sunt
840 3444 917 3509 et
959 3435 1131 3508 alios
1177 3436 1537 3511 aedificare
1583 3437 1859 3523 volunt,
1924 3462 2363 3511 communem
2416 3438 2860 3536 profligantes
2909 3436 3267 3510 inimicum
3295 3494 3314 3523 ‚
3365 3435 3690 3510 incredu-

626 3552 845 3629 litatis
914 3554 1235 3653 spiritum
1306 3555 1479 3631 dico,
1582 3557 1649 3630 O
1716 3557 1982 3631 utinam
2052 3558 2243 3630 vobis
2302 3557 2616 3654 mihique
2660 3557 3074 3631 adumbrare
3121 3582 3394 3653 possem
3439 3555 3686 3651 imagi-

627 3696 787 3749 nem
838 3674 997 3749 talis
1038 3675 1409 3774 Theologi,
1462 3677 1735 3773 qualem
1778 3702 2047 3776 nequeo
2088 3678 2355 3765 adhuc,
2407 3682 2625 3763 eheu,
2681 3676 2874 3748 vobis
2911 3688 3329 3761 monstrare,
3378 3688 3452 3746 at
3493 3674 3686 3747 intus

624 3795 853 3870 sentio
916 3795 1193 3869 tamen!
1292 3797 1563 3895 lncepit
1625 3797 1777 3884 ille,
1850 3811 2263 3895 anteaquam
2344 3797 2642 3871 doctoris
2711 3820 2966 3869 munus
3031 3793 3291 3881 obiret,
3359 3792 3685 3890 discipuli

624 3914 853 3989 locum
923 3916 1267 4004 tenendo,
1332 3916 1421 3989 ad
1479 3916 1743 3990 Christi
1812 3919 2025 4016 pedes
2087 3919 2434 4005 sedentis,
2505 3927 2584 3991 ut
2645 3916 2732 3989 ab
2796 3916 2925 3989 lllo
2971 3940 3050 3989 ea
3109 3912 3314 3987 verba
3363 3926 3683 3987 aeternae

624 4034 805 4109 vitae
868 4036 1177 4123 audiret,
1246 4061 1288 4110 a
1362 4036 1623 4134 quibus
1690 4038 2069 4112 destitutus
2136 4038 2283 4135 ipse
2338 4062 2476 4111 non
2534 4036 2834 4135 amplius
2887 4037 3108 4110 vivere
3159 4042 3404 4133 potest.
3507 4034 3683 4107 Mox

624 4178 824 4243 vero,
876 4154 1042 4229 fidei
1086 4154 1360 4229 foedere
1398 4181 1555 4230 cum
1608 4157 1871 4253 optimo
1917 4156 2339 4255 Sospitatore
2387 4156 2600 4243 inito,
2652 4166 2863 4253 atque
2908 4153 3294 4227 incredibili
3351 4176 3680 4226 accensus

622 4274 869 4348 ardore
934 4282 1051 4362 ut,
1122 4298 1302 4373 quae
1364 4275 1503 4348 fide
1571 4276 1707 4349 iam
1777 4288 2004 4363 tenet,
2073 4276 2281 4350 etiam
2344 4276 2574 4375 quoad
2627 4276 2774 4348 fieri
2831 4274 3050 4373 possit.
3101 4272 3441 4371 intelligat
3492 4274 3679 4346 aliis-

626 4419 763 4491 que
834 4405 999 4469 ante
1066 4394 1303 4469 oculos
1350 4405 1603 4493 ponat,
1674 4397 1943 4471 nullum
2013 4421 2291 4493 prorsus
2346 4396 2848 4470 adminiculum
2911 4394 3246 4493 negligit,
3315 4418 3456 4492 quo
3509 4391 3679 4466 veri-

622 4514 787 4588 tatis
869 4515 1109 4589 doctor
1170 4514 1458 4603 evadat,
1548 4515 1735 4591 idem
1809 4540 1963 4591 vero
2026 4529 2343 4591 aeternae
2408 4516 2801 4615 Sapientiae
2871 4515 3228 4589 modestus
3297 4494 3679 4611 discipulus

624 4642 933 4711 maneat.
1037 4635 1113 4708 Si
1160 4660 1199 4709 e
1250 4634 1451 4711 variis
1498 4636 1871 4709 Doctorum
1926 4637 2139 4711 medii
2176 4638 2325 4711 aevi
2368 4638 2588 4711 titulis
2627 4636 2692 4710 ei
2729 4636 2922 4735 optio
2963 4634 3485 4720 concederetur,
3537 4656 3678 4707 non

630 4752 897 4831 Doctor
964 4757 1288 4831 Sublimis
1309 4813 1329 4843 ‚
1402 4766 1527 4832 aut
1590 4760 1984 4857 Anyelicus,
2053 4767 2177 4833 aut
2240 4759 2652 4857 Serapbicus
2705 4756 2927 4833 vocari
2982 4766 3307 4854 cuperet,
3371 4752 3496 4827 sed
3547 4754 3678 4827 Bi·

3187 4872 3339 4947 29*
