<?xml version="1.0" encoding="UTF-8"?>
<!DOCTYPE html PUBLIC "-//W3C//DTD XHTML 1.0 Transitional//EN"
    "http://www.w3.org/TR/xhtml1/DTD/xhtml1-transitional.dtd">
<html xmlns="http://www.w3.org/1999/xhtml" xml:lang="en" lang="en">
 <head>
  <title>
</title>
<meta http-equiv="Content-Type" content="text/html;charset=utf-8" />
  <meta name='ocr-system' content='tesseract 3.04.00' />
  <meta name='ocr-capabilities' content='ocr_page ocr_carea ocr_par ocr_line ocrx_word'/>
</head>
<body>
  <div class='ocr_page' id='page_1' title='image "annalesacademic03confgoog_0054.png"; bbox 0 0 4728 5991; ppageno 0'>
   <div class='ocr_carea' id='block_1_1' title="bbox 1007 594 2970 669">
    <p class='ocr_par' dir='ltr' id='par_1_1' title="bbox 1007 594 2970 669">
     <span class='ocr_line' id='line_1_1' title="bbox 1007 594 2970 669; baseline 0.001 -10"><span class='ocrx_word' id='word_1_1' title='bbox 1007 594 1098 659; x_wconf 81' lang='lat'><strong>44</strong></span> <span class='ocrx_word' id='word_1_2' title='bbox 2081 598 2161 666; x_wconf 89' lang='lat' dir='ltr'><strong>G.</strong></span> <span class='ocrx_word' id='word_1_3' title='bbox 2233 598 2313 666; x_wconf 91' lang='lat' dir='ltr'><strong>G.</strong></span> <span class='ocrx_word' id='word_1_4' title='bbox 2387 596 2970 669; x_wconf 83' lang='lat' dir='ltr'>PLUYGERS</span> 
     </span>
    </p>
   </div>
   <div class='ocr_carea' id='block_1_2' title="bbox 1001 800 4063 4868">
    <p class='ocr_par' dir='ltr' id='par_1_2' title="bbox 1001 800 4063 2945">
     <span class='ocr_line' id='line_1_2' title="bbox 1104 800 4059 903; baseline 0.001 -28"><span class='ocrx_word' id='word_1_5' title='bbox 1104 800 1370 877; x_wconf 90' lang='lat' dir='ltr'><strong>Verum</strong></span> <span class='ocrx_word' id='word_1_6' title='bbox 1441 809 1816 902; x_wconf 80' lang='lat' dir='ltr'><strong>antequam</strong></span> <span class='ocrx_word' id='word_1_7' title='bbox 1881 804 1972 879; x_wconf 90' lang='lat' dir='ltr'><strong>ad</strong></span> <span class='ocrx_word' id='word_1_8' title='bbox 2037 806 2214 882; x_wconf 90' lang='lat' dir='ltr'><strong>hanc</strong></span> <span class='ocrx_word' id='word_1_9' title='bbox 2280 804 2824 903; x_wconf 88' lang='lat' dir='ltr'><strong>disputationem</strong></span> <span class='ocrx_word' id='word_1_10' title='bbox 2885 803 3176 894; x_wconf 89' lang='lat' dir='ltr'><strong>acced0,</strong></span> <span class='ocrx_word' id='word_1_11' title='bbox 3248 809 3482 878; x_wconf 88' lang='lat' dir='ltr'><strong>nostra</strong></span> <span class='ocrx_word' id='word_1_12' title='bbox 3546 801 4059 901; x_wconf 90' lang='lat' dir='ltr'><strong>quodammodo</strong></span> 
     </span>
     <span class='ocr_line' id='line_1_3' title="bbox 1007 921 4055 1024; baseline 0 -27"><span class='ocrx_word' id='word_1_13' title='bbox 1007 921 1315 998; x_wconf 84' lang='lat' dir='ltr'><strong>defensio</strong></span> <span class='ocrx_word' id='word_1_14' title='bbox 1384 921 1558 997; x_wconf 91' lang='lat' dir='ltr'><strong>mihi</strong></span> <span class='ocrx_word' id='word_1_15' title='bbox 1628 922 2065 1024; x_wconf 89' lang='lat' dir='ltr'><strong>suscipienda</strong></span> <span class='ocrx_word' id='word_1_16' title='bbox 2137 934 2243 1001; x_wconf 88' lang='lat' dir='ltr'><strong>est</strong></span> <span class='ocrx_word' id='word_1_17' title='bbox 2314 923 2807 1023; x_wconf 88' lang='lat' dir='ltr'><strong>evellendaque</strong></span> <span class='ocrx_word' id='word_1_18' title='bbox 2868 923 3042 999; x_wconf 89' lang='lat' dir='ltr'><strong>falsa</strong></span> <span class='ocrx_word' id='word_1_19' title='bbox 3102 921 3485 999; x_wconf 88' lang='lat' dir='ltr'><strong>multorum</strong></span> <span class='ocrx_word' id='word_1_20' title='bbox 3548 921 3781 1023; x_wconf 88' lang='lat' dir='ltr'><strong>opinio</strong></span> <span class='ocrx_word' id='word_1_21' title='bbox 3845 946 4055 1022; x_wconf 88' lang='lat' dir='ltr'><strong>quam</strong></span> 
     </span>
     <span class='ocr_line' id='line_1_4' title="bbox 1013 1044 4057 1145; baseline -0.001 -28"><span class='ocrx_word' id='word_1_22' title='bbox 1013 1066 1223 1142; x_wconf 89' lang='lat' dir='ltr'><strong>supra</strong></span> <span class='ocrx_word' id='word_1_23' title='bbox 1270 1044 1842 1134; x_wconf 87' lang='lat' dir='ltr'><strong>commemoravi,</strong></span> <span class='ocrx_word' id='word_1_24' title='bbox 1906 1046 2106 1145; x_wconf 87' lang='lat' dir='ltr'><strong>quasi</strong></span> <span class='ocrx_word' id='word_1_25' title='bbox 2169 1045 2483 1121; x_wconf 90' lang='lat' dir='ltr'><strong>studium</strong></span> <span class='ocrx_word' id='word_1_26' title='bbox 2532 1044 2981 1143; x_wconf 89' lang='lat' dir='ltr'><strong>antiquarum</strong></span> <span class='ocrx_word' id='word_1_27' title='bbox 3027 1044 3409 1119; x_wconf 91' lang='lat' dir='ltr'><strong>litterarum</strong></span> <span class='ocrx_word' id='word_1_28' title='bbox 3432 1101 3453 1132; x_wconf 92' lang='lat'><strong>,</strong></span> <span class='ocrx_word' id='word_1_29' title='bbox 3505 1068 3645 1143; x_wconf 92' lang='lat' dir='ltr'><strong>quo</strong></span> <span class='ocrx_word' id='word_1_30' title='bbox 3686 1066 3875 1117; x_wconf 91' lang='lat' dir='ltr'><strong>nunc</strong></span> <span class='ocrx_word' id='word_1_31' title='bbox 3917 1064 4057 1116; x_wconf 91' lang='lat' dir='ltr'><strong>non</strong></span> 
     </span>
     <span class='ocr_line' id='line_1_5' title="bbox 1008 1160 4060 1266; baseline 0 -31"><span class='ocrx_word' id='word_1_32' title='bbox 1008 1162 1266 1236; x_wconf 88' lang='lat' dir='ltr'><strong>multos</strong></span> <span class='ocrx_word' id='word_1_33' title='bbox 1334 1160 1716 1238; x_wconf 79' lang='lat' dir='ltr'><strong>admodum</strong></span> <span class='ocrx_word' id='word_1_34' title='bbox 1780 1165 2000 1241; x_wconf 90' lang='lat' dir='ltr'><strong>teneri</strong></span> <span class='ocrx_word' id='word_1_35' title='bbox 2061 1166 2230 1242; x_wconf 88' lang='lat' dir='ltr'><strong>satis</strong></span> <span class='ocrx_word' id='word_1_36' title='bbox 2298 1171 2611 1254; x_wconf 85' lang='lat' dir='ltr'><strong>constat,</strong></span> <span class='ocrx_word' id='word_1_37' title='bbox 2681 1164 2848 1239; x_wconf 92' lang='lat' dir='ltr'><strong>olim</strong></span> <span class='ocrx_word' id='word_1_38' title='bbox 2920 1164 3201 1266; x_wconf 87' lang='lat' dir='ltr'><strong>vulgare</strong></span> <span class='ocrx_word' id='word_1_39' title='bbox 3271 1164 3483 1239; x_wconf 89' lang='lat' dir='ltr'><strong>fuerit</strong></span> <span class='ocrx_word' id='word_1_40' title='bbox 3527 1171 3600 1237; x_wconf 92' lang='lat' dir='ltr'><strong>et</strong></span> <span class='ocrx_word' id='word_1_41' title='bbox 3650 1190 3691 1239; x_wconf 92' lang='lat' dir='ltr'><strong>a</strong></span> <span class='ocrx_word' id='word_1_42' title='bbox 3740 1162 4060 1263; x_wconf 80' lang='lat' dir='ltr'><strong>plurimis</strong></span> 
     </span>
     <span class='ocr_line' id='line_1_6' title="bbox 1014 1281 4061 1384; baseline 0.001 -29"><span class='ocrx_word' id='word_1_43' title='bbox 1014 1304 1176 1356; x_wconf 92' lang='lat' dir='ltr'><strong>cum</strong></span> <span class='ocrx_word' id='word_1_44' title='bbox 1254 1307 1336 1357; x_wconf 91' lang='lat' dir='ltr'><strong>eo</strong></span> <span class='ocrx_word' id='word_1_45' title='bbox 1412 1281 1865 1359; x_wconf 89' lang='lat' dir='ltr'><strong>humanitatis</strong></span> <span class='ocrx_word' id='word_1_46' title='bbox 1935 1285 2167 1362; x_wconf 91' lang='lat' dir='ltr'><strong>fructu</strong></span> <span class='ocrx_word' id='word_1_47' title='bbox 2236 1294 2702 1375; x_wconf 83' lang='lat' dir='ltr'><strong>exerceretur,</strong></span> <span class='ocrx_word' id='word_1_48' title='bbox 2771 1309 2979 1383; x_wconf 90' lang='lat' dir='ltr'><strong>quem</strong></span> <span class='ocrx_word' id='word_1_49' title='bbox 3046 1285 3169 1384; x_wconf 92' lang='lat' dir='ltr'><strong>qui</strong></span> <span class='ocrx_word' id='word_1_50' title='bbox 3216 1291 3398 1360; x_wconf 89' lang='lat' dir='ltr'><strong>recte</strong></span> <span class='ocrx_word' id='word_1_51' title='bbox 3454 1292 3774 1359; x_wconf 75' lang='lat' dir='ltr'><strong>exercent</strong></span> <span class='ocrx_word' id='word_1_52' title='bbox 3837 1307 3922 1358; x_wconf 86' lang='lat' dir='ltr'><strong>ex</strong></span> <span class='ocrx_word' id='word_1_53' title='bbox 3976 1306 4061 1357; x_wconf 92' lang='lat' dir='ltr'><strong>eo</strong></span> 
     </span>
     <span class='ocr_line' id='line_1_7' title="bbox 1007 1403 4061 1507; baseline 0.001 -32"><span class='ocrx_word' id='word_1_54' title='bbox 1007 1425 1336 1499; x_wconf 84' lang='lat' dir='ltr'><strong>quaerere</strong></span> <span class='ocrx_word' id='word_1_55' title='bbox 1402 1411 1694 1503; x_wconf 86' lang='lat' dir='ltr'><strong>oportet.</strong></span> <span class='ocrx_word' id='word_1_56' title='bbox 1798 1405 1939 1480; x_wconf 88' lang='lat' dir='ltr'><strong>Sed</strong></span> <span class='ocrx_word' id='word_1_57' title='bbox 2011 1430 2101 1482; x_wconf 89' lang='lat' dir='ltr'><strong>ne</strong></span> <span class='ocrx_word' id='word_1_58' title='bbox 2178 1417 2466 1507; x_wconf 86' lang='lat' dir='ltr'><strong>vagetur</strong></span> <span class='ocrx_word' id='word_1_59' title='bbox 2519 1405 2738 1480; x_wconf 90' lang='lat' dir='ltr'><strong>oratio</strong></span> <span class='ocrx_word' id='word_1_60' title='bbox 2760 1464 2780 1493; x_wconf 90' lang='lat'><strong>,</strong></span> <span class='ocrx_word' id='word_1_61' title='bbox 2852 1405 3157 1504; x_wconf 90' lang='lat' dir='ltr'><strong>primum</strong></span> <span class='ocrx_word' id='word_1_62' title='bbox 3216 1404 3731 1505; x_wconf 86' lang='lat' dir='ltr'><strong>explanandum</strong></span> <span class='ocrx_word' id='word_1_63' title='bbox 3786 1403 4061 1478; x_wconf 88' lang='lat' dir='ltr'><strong>videtur</strong></span> 
     </span>
     <span class='ocr_line' id='line_1_8' title="bbox 1007 1521 4059 1625; baseline 0.001 -30"><span class='ocrx_word' id='word_1_64' title='bbox 1007 1521 1179 1619; x_wconf 92' lang='lat' dir='ltr'><strong>quid</strong></span> <span class='ocrx_word' id='word_1_65' title='bbox 1248 1521 1378 1597; x_wconf 88' lang='lat' dir='ltr'><strong>hoc</strong></span> <span class='ocrx_word' id='word_1_66' title='bbox 1441 1523 1755 1599; x_wconf 91' lang='lat' dir='ltr'><strong>studium</strong></span> <span class='ocrx_word' id='word_1_67' title='bbox 1812 1525 1900 1600; x_wconf 92' lang='lat' dir='ltr'><strong>de</strong></span> <span class='ocrx_word' id='word_1_68' title='bbox 1947 1551 2090 1625; x_wconf 91' lang='lat' dir='ltr'><strong>quo</strong></span> <span class='ocrx_word' id='word_1_69' title='bbox 2139 1526 2539 1625; x_wconf 79' lang='lat' dir='ltr'><strong>quaerimus</strong></span> <span class='ocrx_word' id='word_1_70' title='bbox 2588 1524 2884 1624; x_wconf 84' lang='lat' dir='ltr'><strong>intelligi</strong></span> <span class='ocrx_word' id='word_1_71' title='bbox 2933 1524 3141 1599; x_wconf 82' lang='lat' dir='ltr'><strong>velim</strong></span> <span class='ocrx_word' id='word_1_72' title='bbox 3166 1584 3185 1613; x_wconf 92' lang='lat'>‚</span> <span class='ocrx_word' id='word_1_73' title='bbox 3235 1525 3435 1600; x_wconf 89' lang='lat' dir='ltr'><strong>cuius</strong></span> <span class='ocrx_word' id='word_1_74' title='bbox 3482 1523 3584 1598; x_wconf 92' lang='lat' dir='ltr'><strong>rei</strong></span> <span class='ocrx_word' id='word_1_75' title='bbox 3626 1533 3887 1599; x_wconf 89' lang='lat' dir='ltr'><strong>certam</strong></span> <span class='ocrx_word' id='word_1_76' title='bbox 3940 1524 4059 1597; x_wconf 90' lang='lat' dir='ltr'><strong>de·</strong></span> 
     </span>
     <span class='ocr_line' id='line_1_9' title="bbox 1003 1640 4063 1749; baseline 0.002 -35"><span class='ocrx_word' id='word_1_77' title='bbox 1003 1640 1392 1716; x_wconf 90' lang='lat' dir='ltr'><strong>finitionem</strong></span> <span class='ocrx_word' id='word_1_78' title='bbox 1453 1668 1665 1743; x_wconf 91' lang='lat' dir='ltr'><strong>quam</strong></span> <span class='ocrx_word' id='word_1_79' title='bbox 1729 1669 1972 1720; x_wconf 90' lang='lat' dir='ltr'><strong>omnes</strong></span> <span class='ocrx_word' id='word_1_80' title='bbox 2033 1645 2542 1746; x_wconf 89' lang='lat' dir='ltr'><strong>amplectantur</strong></span> <span class='ocrx_word' id='word_1_81' title='bbox 2598 1645 2827 1720; x_wconf 90' lang='lat' dir='ltr'><strong>adhuc</strong></span> <span class='ocrx_word' id='word_1_82' title='bbox 2891 1644 3265 1721; x_wconf 87' lang='lat' dir='ltr'><strong>desiderari</strong></span> <span class='ocrx_word' id='word_1_83' title='bbox 3315 1645 3535 1720; x_wconf 88' lang='lat' dir='ltr'><strong>video.</strong></span> <span class='ocrx_word' id='word_1_84' title='bbox 3636 1644 3795 1720; x_wconf 91' lang='lat' dir='ltr'><strong>Hoc</strong></span> <span class='ocrx_word' id='word_1_85' title='bbox 3844 1644 4063 1749; x_wconf 89' lang='lat' dir='ltr'><strong>igitur</strong></span> 
     </span>
     <span class='ocr_line' id='line_1_10' title="bbox 1008 1761 4059 1864; baseline 0.001 -28"><span class='ocrx_word' id='word_1_86' title='bbox 1008 1761 1323 1836; x_wconf 90' lang='lat' dir='ltr'><strong>studium</strong></span> <span class='ocrx_word' id='word_1_87' title='bbox 1393 1761 1548 1839; x_wconf 90' lang='lat' dir='ltr'><strong>dico</strong></span> <span class='ocrx_word' id='word_1_88' title='bbox 1612 1765 1966 1841; x_wconf 78' lang='lat' dir='ltr'><strong>assiduam</strong></span> <span class='ocrx_word' id='word_1_89' title='bbox 2019 1773 2091 1840; x_wconf 89' lang='lat' dir='ltr'><strong>et</strong></span> <span class='ocrx_word' id='word_1_90' title='bbox 2139 1766 2616 1842; x_wconf 88' lang='lat' dir='ltr'><strong>vehementem</strong></span> <span class='ocrx_word' id='word_1_91' title='bbox 2668 1765 2882 1839; x_wconf 89' lang='lat' dir='ltr'><strong>animi</strong></span> <span class='ocrx_word' id='word_1_92' title='bbox 2926 1765 3017 1841; x_wconf 91' lang='lat' dir='ltr'><strong>ad</strong></span> <span class='ocrx_word' id='word_1_93' title='bbox 3067 1764 3390 1864; x_wconf 89' lang='lat' dir='ltr'><strong>antiquas</strong></span> <span class='ocrx_word' id='word_1_94' title='bbox 3444 1764 3711 1840; x_wconf 88' lang='lat' dir='ltr'><strong>litteras</strong></span> <span class='ocrx_word' id='word_1_95' title='bbox 3761 1764 4059 1864; x_wconf 89' lang='lat' dir='ltr'><strong>applica-</strong></span> 
     </span>
     <span class='ocr_line' id='line_1_11' title="bbox 1003 1882 4057 1985; baseline 0.001 -29"><span class='ocrx_word' id='word_1_96' title='bbox 1003 1889 1150 1956; x_wconf 86' lang='lat' dir='ltr'><strong>tam</strong></span> <span class='ocrx_word' id='word_1_97' title='bbox 1214 1906 1376 1957; x_wconf 92' lang='lat' dir='ltr'><strong>cum</strong></span> <span class='ocrx_word' id='word_1_98' title='bbox 1432 1882 1868 1984; x_wconf 91' lang='lat' dir='ltr'><strong>intelligendi</strong></span> <span class='ocrx_word' id='word_1_99' title='bbox 1914 1885 2267 1961; x_wconf 85' lang='lat' dir='ltr'><strong>voluntate</strong></span> <span class='ocrx_word' id='word_1_100' title='bbox 2313 1886 2834 1985; x_wconf 80' lang='lat' dir='ltr'><strong>occupationem</strong></span> <span class='ocrx_word' id='word_1_101' title='bbox 2860 1944 2880 1973; x_wconf 92' lang='lat'><strong>,</strong></span> <span class='ocrx_word' id='word_1_102' title='bbox 2949 1909 3131 1984; x_wconf 91' lang='lat' dir='ltr'><strong>quae</strong></span> <span class='ocrx_word' id='word_1_103' title='bbox 3182 1910 3463 1959; x_wconf 90' lang='lat' dir='ltr'><strong>sensum</strong></span> <span class='ocrx_word' id='word_1_104' title='bbox 3512 1884 3887 1984; x_wconf 83' lang='lat' dir='ltr'><strong>quemdam</strong></span> <span class='ocrx_word' id='word_1_105' title='bbox 3939 1883 4057 1958; x_wconf 89' lang='lat' dir='ltr'><strong>de-</strong></span> 
     </span>
     <span class='ocr_line' id='line_1_12' title="bbox 1006 2002 4061 2105; baseline 0.001 -28"><span class='ocrx_word' id='word_1_106' title='bbox 1006 2002 1392 2077; x_wconf 87' lang='lat' dir='ltr'><strong>lectationis</strong></span> <span class='ocrx_word' id='word_1_107' title='bbox 1456 2004 1784 2104; x_wconf 87' lang='lat' dir='ltr'><strong>praebeat</strong></span> <span class='ocrx_word' id='word_1_108' title='bbox 1849 2031 1935 2081; x_wconf 86' lang='lat' dir='ltr'><strong>ex</strong></span> <span class='ocrx_word' id='word_1_109' title='bbox 1995 2032 2160 2083; x_wconf 91' lang='lat' dir='ltr'><strong>sana</strong></span> <span class='ocrx_word' id='word_1_110' title='bbox 2224 2032 2465 2082; x_wconf 89' lang='lat' dir='ltr'><strong>eorum</strong></span> <span class='ocrx_word' id='word_1_111' title='bbox 2536 2031 2824 2105; x_wconf 91' lang='lat' dir='ltr'><strong>operum</strong></span> <span class='ocrx_word' id='word_1_112' title='bbox 2894 2005 3347 2081; x_wconf 86' lang='lat' dir='ltr'><strong>admiratione</strong></span> <span class='ocrx_word' id='word_1_113' title='bbox 3420 2004 3807 2104; x_wconf 79' lang='lat' dir='ltr'><strong>profectum</strong></span> <span class='ocrx_word' id='word_1_114' title='bbox 3882 2030 4061 2104; x_wconf 89' lang='lat' dir='ltr'><strong>quae</strong></span> 
     </span>
     <span class='ocr_line' id='line_1_13' title="bbox 1009 2121 4057 2227; baseline 0.001 -32"><span class='ocrx_word' id='word_1_115' title='bbox 1009 2121 1582 2200; x_wconf 87' lang='lat' dir='ltr'><strong>excellentissima</strong></span> <span class='ocrx_word' id='word_1_116' title='bbox 1641 2125 2076 2225; x_wconf 85' lang='lat' dir='ltr'><strong>antiquitatis</strong></span> <span class='ocrx_word' id='word_1_117' title='bbox 2147 2128 2431 2227; x_wconf 87' lang='lat' dir='ltr'><strong>ingenia</strong></span> <span class='ocrx_word' id='word_1_118' title='bbox 2502 2151 2778 2201; x_wconf 89' lang='lat' dir='ltr'><strong>summo</strong></span> <span class='ocrx_word' id='word_1_119' title='bbox 2842 2126 3131 2201; x_wconf 91' lang='lat' dir='ltr'><strong>artificio</strong></span> <span class='ocrx_word' id='word_1_120' title='bbox 3184 2126 3513 2199; x_wconf 87' lang='lat' dir='ltr'><strong>orationis</strong></span> <span class='ocrx_word' id='word_1_121' title='bbox 3562 2124 3891 2201; x_wconf 87' lang='lat' dir='ltr'><strong>facultate</strong></span> <span class='ocrx_word' id='word_1_122' title='bbox 3940 2149 4057 2200; x_wconf 87' lang='lat' dir='ltr'><strong>ex-</strong></span> 
     </span>
     <span class='ocr_line' id='line_1_14' title="bbox 1010 2244 4059 2348; baseline 0.002 -34"><span class='ocrx_word' id='word_1_123' title='bbox 1010 2251 1432 2340; x_wconf 89' lang='lat' dir='ltr'><strong>presserunt.</strong></span> <span class='ocrx_word' id='word_1_124' title='bbox 1529 2244 1730 2320; x_wconf 89' lang='lat' dir='ltr'><strong>Haec</strong></span> <span class='ocrx_word' id='word_1_125' title='bbox 1795 2256 2030 2322; x_wconf 90' lang='lat' dir='ltr'><strong>autem</strong></span> <span class='ocrx_word' id='word_1_126' title='bbox 2099 2246 2462 2348; x_wconf 88' lang='lat' dir='ltr'><strong>occupatio</strong></span> <span class='ocrx_word' id='word_1_127' title='bbox 2486 2304 2505 2335; x_wconf 91' lang='lat'><strong>,</strong></span> <span class='ocrx_word' id='word_1_128' title='bbox 2576 2247 2650 2321; x_wconf 93' lang='lat' dir='ltr'><strong>in</strong></span> <span class='ocrx_word' id='word_1_129' title='bbox 2721 2245 3129 2346; x_wconf 88' lang='lat' dir='ltr'><strong>quotidiana</strong></span> <span class='ocrx_word' id='word_1_130' title='bbox 3176 2244 3720 2320; x_wconf 87' lang='lat' dir='ltr'><strong>consideratione</strong></span> <span class='ocrx_word' id='word_1_131' title='bbox 3773 2269 3854 2319; x_wconf 90' lang='lat' dir='ltr'><strong>ac</strong></span> <span class='ocrx_word' id='word_1_132' title='bbox 3898 2268 4059 2319; x_wconf 88' lang='lat' dir='ltr'><strong>con-</strong></span> 
     </span>
     <span class='ocr_line' id='line_1_15' title="bbox 1021 2361 4061 2468; baseline 0.001 -33"><span class='ocrx_word' id='word_1_133' title='bbox 1021 2361 1470 2461; x_wconf 86' lang='lat' dir='ltr'><strong>templatione</strong></span> <span class='ocrx_word' id='word_1_134' title='bbox 1513 2364 1896 2441; x_wconf 85' lang='lat' dir='ltr'><strong>consistens</strong></span> <span class='ocrx_word' id='word_1_135' title='bbox 1915 2425 1936 2456; x_wconf 93' lang='lat'><strong>,</strong></span> <span class='ocrx_word' id='word_1_136' title='bbox 2010 2368 2328 2468; x_wconf 88' lang='lat' dir='ltr'><strong>peritiam</strong></span> <span class='ocrx_word' id='word_1_137' title='bbox 2395 2368 2575 2467; x_wconf 89' lang='lat' dir='ltr'><strong>parit</strong></span> <span class='ocrx_word' id='word_1_138' title='bbox 2639 2368 2727 2443; x_wconf 87' lang='lat' dir='ltr'><strong>de</strong></span> <span class='ocrx_word' id='word_1_139' title='bbox 2782 2374 2928 2442; x_wconf 88' lang='lat' dir='ltr'><strong>toto</strong></span> <span class='ocrx_word' id='word_1_140' title='bbox 2978 2366 3107 2440; x_wconf 91' lang='lat' dir='ltr'><strong>hoc</strong></span> <span class='ocrx_word' id='word_1_141' title='bbox 3161 2389 3413 2464; x_wconf 84' lang='lat' dir='ltr'><strong>genere</strong></span> <span class='ocrx_word' id='word_1_142' title='bbox 3471 2364 3825 2440; x_wconf 91' lang='lat' dir='ltr'><strong>iudicandi</strong></span> <span class='ocrx_word' id='word_1_143' title='bbox 3873 2364 4061 2462; x_wconf 92' lang='lat' dir='ltr'><strong>quod</strong></span> 
     </span>
     <span class='ocr_line' id='line_1_16' title="bbox 1007 2482 4061 2575; baseline 0.002 -21"><span class='ocrx_word' id='word_1_144' title='bbox 1007 2504 1171 2555; x_wconf 89' lang='lat' dir='ltr'><strong>cum</strong></span> <span class='ocrx_word' id='word_1_145' title='bbox 1252 2482 1581 2557; x_wconf 88' lang='lat' dir='ltr'><strong>orationis</strong></span> <span class='ocrx_word' id='word_1_146' title='bbox 1672 2483 2000 2560; x_wconf 88' lang='lat' dir='ltr'><strong>facultate</strong></span> <span class='ocrx_word' id='word_1_147' title='bbox 2081 2486 2531 2561; x_wconf 91' lang='lat' dir='ltr'><strong>coniunctum</strong></span> <span class='ocrx_word' id='word_1_148' title='bbox 2615 2492 2759 2575; x_wconf 81' lang='lat' dir='ltr'><strong>est3</strong></span> <span class='ocrx_word' id='word_1_149' title='bbox 2851 2484 3215 2560; x_wconf 88' lang='lat' dir='ltr'><strong>delectatio</strong></span> <span class='ocrx_word' id='word_1_150' title='bbox 3294 2509 3452 2559; x_wconf 89' lang='lat' dir='ltr'><strong>vero</strong></span> <span class='ocrx_word' id='word_1_151' title='bbox 3540 2492 3613 2560; x_wconf 88' lang='lat' dir='ltr'><strong>et</strong></span> <span class='ocrx_word' id='word_1_152' title='bbox 3696 2483 4061 2559; x_wconf 88' lang='lat' dir='ltr'><strong>admiratio</strong></span> 
     </span>
     <span class='ocr_line' id='line_1_17' title="bbox 1005 2599 4061 2707; baseline 0.001 -32"><span class='ocrx_word' id='word_1_153' title='bbox 1005 2599 1539 2678; x_wconf 88' lang='lat' dir='ltr'><strong>aemulationem</strong></span> <span class='ocrx_word' id='word_1_154' title='bbox 1609 2604 1904 2697; x_wconf 85' lang='lat' dir='ltr'><strong>excitat,</strong></span> <span class='ocrx_word' id='word_1_155' title='bbox 1978 2632 2157 2707; x_wconf 91' lang='lat' dir='ltr'><strong>quae</strong></span> <span class='ocrx_word' id='word_1_156' title='bbox 2227 2606 2288 2681; x_wconf 90' lang='lat' dir='ltr'><strong>si</strong></span> <span class='ocrx_word' id='word_1_157' title='bbox 2347 2631 2509 2681; x_wconf 92' lang='lat' dir='ltr'><strong>cum</strong></span> <span class='ocrx_word' id='word_1_158' title='bbox 2574 2606 2929 2682; x_wconf 91' lang='lat' dir='ltr'><strong>iudicandi</strong></span> <span class='ocrx_word' id='word_1_159' title='bbox 2982 2606 3227 2705; x_wconf 88' lang='lat' dir='ltr'><strong>peritia</strong></span> <span class='ocrx_word' id='word_1_160' title='bbox 3276 2605 3543 2682; x_wconf 90' lang='lat' dir='ltr'><strong>accedit</strong></span> <span class='ocrx_word' id='word_1_161' title='bbox 3584 2604 3945 2704; x_wconf 86' lang='lat' dir='ltr'><strong>ingenium</strong></span> <span class='ocrx_word' id='word_1_162' title='bbox 3988 2610 4061 2677; x_wconf 93' lang='lat' dir='ltr'><strong>et</strong></span> 
     </span>
     <span class='ocr_line' id='line_1_18' title="bbox 1003 2721 4057 2829; baseline 0.001 -34"><span class='ocrx_word' id='word_1_163' title='bbox 1003 2721 1400 2798; x_wconf 83' lang='lat' dir='ltr'><strong>exercitatio</strong></span> <span class='ocrx_word' id='word_1_164' title='bbox 1416 2781 1439 2815; x_wconf 93' lang='lat'><strong>,</strong></span> <span class='ocrx_word' id='word_1_165' title='bbox 1505 2748 1748 2800; x_wconf 87' lang='lat' dir='ltr'><strong>rursus</strong></span> <span class='ocrx_word' id='word_1_166' title='bbox 1793 2750 2002 2826; x_wconf 89' lang='lat' dir='ltr'><strong>opera</strong></span> <span class='ocrx_word' id='word_1_167' title='bbox 2045 2728 2284 2803; x_wconf 90' lang='lat' dir='ltr'><strong>condit</strong></span> <span class='ocrx_word' id='word_1_168' title='bbox 2333 2726 2613 2829; x_wconf 87' lang='lat' dir='ltr'><strong>egregia</strong></span> <span class='ocrx_word' id='word_1_169' title='bbox 2633 2786 2653 2818; x_wconf 99' lang='lat'><strong>,</strong></span> <span class='ocrx_word' id='word_1_170' title='bbox 2704 2727 3050 2827; x_wconf 86' lang='lat' dir='ltr'><strong>praeclara</strong></span> <span class='ocrx_word' id='word_1_171' title='bbox 3068 2785 3091 2817; x_wconf 95' lang='lat'><strong>,</strong></span> <span class='ocrx_word' id='word_1_172' title='bbox 3141 2725 3591 2803; x_wconf 80' lang='lat' dir='ltr'><strong>nobilissimis</strong></span> <span class='ocrx_word' id='word_1_173' title='bbox 3634 2725 3771 2801; x_wconf 88' lang='lat' dir='ltr'><strong>illis</strong></span> <span class='ocrx_word' id='word_1_174' title='bbox 3810 2747 4057 2799; x_wconf 89' lang='lat' dir='ltr'><strong>monu-</strong></span> 
     </span>
     <span class='ocr_line' id='line_1_19' title="bbox 1001 2840 2136 2945; baseline 0.006 -30"><span class='ocrx_word' id='word_1_175' title='bbox 1001 2840 1259 2915; x_wconf 88' lang='lat' dir='ltr'><strong>mentis</strong></span> <span class='ocrx_word' id='word_1_176' title='bbox 1301 2842 1588 2919; x_wconf 89' lang='lat' dir='ltr'><strong>minime</strong></span> <span class='ocrx_word' id='word_1_177' title='bbox 1636 2846 2136 2945; x_wconf 88' lang='lat' dir='ltr'><strong>postponenda.</strong></span> 
     </span>
    </p>

    <p class='ocr_par' dir='ltr' id='par_1_3' title="bbox 1005 2959 4053 4868">
     <span class='ocr_line' id='line_1_20' title="bbox 1102 2959 4053 3066; baseline 0 -30"><span class='ocrx_word' id='word_1_178' title='bbox 1102 2960 1240 3036; x_wconf 91' lang='lat' dir='ltr'><strong>Sed</strong></span> <span class='ocrx_word' id='word_1_179' title='bbox 1302 2963 1682 3062; x_wconf 90' lang='lat' dir='ltr'><strong>plurimum</strong></span> <span class='ocrx_word' id='word_1_180' title='bbox 1745 2964 1960 3042; x_wconf 88' lang='lat' dir='ltr'><strong>distat</strong></span> <span class='ocrx_word' id='word_1_181' title='bbox 2013 2966 2196 3042; x_wconf 89' lang='lat' dir='ltr'><strong>inter</strong></span> <span class='ocrx_word' id='word_1_182' title='bbox 2246 2965 2774 3044; x_wconf 85' lang='lat' dir='ltr'><strong>delectationem</strong></span> <span class='ocrx_word' id='word_1_183' title='bbox 2825 2989 3036 3066; x_wconf 87' lang='lat' dir='ltr'><strong>quam</strong></span> <span class='ocrx_word' id='word_1_184' title='bbox 3082 2972 3405 3066; x_wconf 90' lang='lat' dir='ltr'><strong>percepta</strong></span> <span class='ocrx_word' id='word_1_185' title='bbox 3456 2960 3783 3041; x_wconf 83' lang='lat' dir='ltr'><strong>orationis</strong></span> <span class='ocrx_word' id='word_1_186' title='bbox 3833 2959 4053 3038; x_wconf 88' lang='lat' dir='ltr'><strong>excel·</strong></span> 
     </span>
     <span class='ocr_line' id='line_1_21' title="bbox 1011 3082 4051 3188; baseline -0 -31"><span class='ocrx_word' id='word_1_187' title='bbox 1011 3082 1227 3164; x_wconf 86' lang='lat' dir='ltr'><strong>lentia</strong></span> <span class='ocrx_word' id='word_1_188' title='bbox 1283 3083 1481 3160; x_wconf 88' lang='lat' dir='ltr'><strong>affert</strong></span> <span class='ocrx_word' id='word_1_189' title='bbox 1544 3093 1618 3161; x_wconf 89' lang='lat' dir='ltr'><strong>et</strong></span> <span class='ocrx_word' id='word_1_190' title='bbox 1689 3111 1842 3164; x_wconf 90' lang='lat' dir='ltr'><strong>eam</strong></span> <span class='ocrx_word' id='word_1_191' title='bbox 1912 3113 2126 3188; x_wconf 87' lang='lat' dir='ltr'><strong>quam</strong></span> <span class='ocrx_word' id='word_1_192' title='bbox 2187 3095 2416 3165; x_wconf 91' lang='lat' dir='ltr'><strong>cetera</strong></span> <span class='ocrx_word' id='word_1_193' title='bbox 2486 3088 2747 3164; x_wconf 90' lang='lat' dir='ltr'><strong>habent</strong></span> <span class='ocrx_word' id='word_1_194' title='bbox 2810 3086 3097 3162; x_wconf 85' lang='lat' dir='ltr'><strong>artificia</strong></span> <span class='ocrx_word' id='word_1_195' title='bbox 3114 3145 3137 3176; x_wconf 92' lang='lat'><strong>,</strong></span> <span class='ocrx_word' id='word_1_196' title='bbox 3202 3111 3381 3186; x_wconf 87' lang='lat' dir='ltr'><strong>quae</strong></span> <span class='ocrx_word' id='word_1_197' title='bbox 3428 3110 3591 3162; x_wconf 90' lang='lat' dir='ltr'><strong>cum</strong></span> <span class='ocrx_word' id='word_1_198' title='bbox 3638 3085 3713 3158; x_wconf 92' lang='lat' dir='ltr'><strong>in</strong></span> <span class='ocrx_word' id='word_1_199' title='bbox 3765 3089 4051 3157; x_wconf 88' lang='lat' dir='ltr'><strong>naturae</strong></span> 
     </span>
     <span class='ocr_line' id='line_1_22' title="bbox 1007 3201 4053 3310; baseline 0.001 -34"><span class='ocrx_word' id='word_1_200' title='bbox 1007 3202 1394 3280; x_wconf 89' lang='lat' dir='ltr'><strong>imitatione</strong></span> <span class='ocrx_word' id='word_1_201' title='bbox 1441 3206 1822 3284; x_wconf 86' lang='lat' dir='ltr'><strong>consistant</strong></span> <span class='ocrx_word' id='word_1_202' title='bbox 1864 3233 2072 3308; x_wconf 91' lang='lat' dir='ltr'><strong>opera</strong></span> <span class='ocrx_word' id='word_1_203' title='bbox 2119 3211 2433 3286; x_wconf 89' lang='lat' dir='ltr'><strong>condunt</strong></span> <span class='ocrx_word' id='word_1_204' title='bbox 2483 3234 2661 3310; x_wconf 89' lang='lat' dir='ltr'><strong>quae</strong></span> <span class='ocrx_word' id='word_1_205' title='bbox 2706 3205 3025 3283; x_wconf 89' lang='lat' dir='ltr'><strong>sensibus</strong></span> <span class='ocrx_word' id='word_1_206' title='bbox 3070 3205 3567 3306; x_wconf 89' lang='lat' dir='ltr'><strong>percipiuntur.</strong></span> <span class='ocrx_word' id='word_1_207' title='bbox 3634 3203 3833 3280; x_wconf 91' lang='lat' dir='ltr'><strong>Haec</strong></span> <span class='ocrx_word' id='word_1_208' title='bbox 3864 3201 4053 3278; x_wconf 89' lang='lat' dir='ltr'><strong>enim</strong></span> 
     </span>
     <span class='ocr_line' id='line_1_23' title="bbox 1009 3322 4051 3428; baseline -0 -31"><span class='ocrx_word' id='word_1_209' title='bbox 1009 3322 1281 3399; x_wconf 88' lang='lat' dir='ltr'><strong>facilem</strong></span> <span class='ocrx_word' id='word_1_210' title='bbox 1359 3324 1620 3401; x_wconf 83' lang='lat' dir='ltr'><strong>habent</strong></span> <span class='ocrx_word' id='word_1_211' title='bbox 1679 3328 2298 3406; x_wconf 87' lang='lat' dir='ltr'><strong>considerationem</strong></span> <span class='ocrx_word' id='word_1_212' title='bbox 2359 3330 2555 3405; x_wconf 90' lang='lat' dir='ltr'><strong>nulla</strong></span> <span class='ocrx_word' id='word_1_213' title='bbox 2611 3353 2839 3405; x_wconf 85' lang='lat' dir='ltr'><strong>rerum</strong></span> <span class='ocrx_word' id='word_1_214' title='bbox 2898 3328 3330 3428; x_wconf 86' lang='lat' dir='ltr'><strong>ignoratione</strong></span> <span class='ocrx_word' id='word_1_215' title='bbox 3376 3325 3825 3427; x_wconf 78' lang='lat' dir='ltr'><strong>impeditam3</strong></span> <span class='ocrx_word' id='word_1_216' title='bbox 3888 3346 4051 3398; x_wconf 90' lang='lat' dir='ltr'><strong>nam</strong></span> 
     </span>
     <span class='ocr_line' id='line_1_24' title="bbox 1005 3443 4049 3549; baseline 0 -32"><span class='ocrx_word' id='word_1_217' title='bbox 1005 3443 1096 3517; x_wconf 90' lang='lat' dir='ltr'><strong>ad</strong></span> <span class='ocrx_word' id='word_1_218' title='bbox 1143 3468 1227 3518; x_wconf 86' lang='lat' dir='ltr'><strong>ea</strong></span> <span class='ocrx_word' id='word_1_219' title='bbox 1269 3446 1800 3546; x_wconf 88' lang='lat' dir='ltr'><strong>contemplanda</strong></span> <span class='ocrx_word' id='word_1_220' title='bbox 1845 3450 2013 3525; x_wconf 90' lang='lat' dir='ltr'><strong>satis</strong></span> <span class='ocrx_word' id='word_1_221' title='bbox 2059 3459 2167 3526; x_wconf 88' lang='lat' dir='ltr'><strong>est</strong></span> <span class='ocrx_word' id='word_1_222' title='bbox 2215 3461 2296 3526; x_wconf 91' lang='lat' dir='ltr'><strong>ut</strong></span> <span class='ocrx_word' id='word_1_223' title='bbox 2341 3450 2561 3526; x_wconf 89' lang='lat' dir='ltr'><strong>oculis</strong></span> <span class='ocrx_word' id='word_1_224' title='bbox 2606 3449 3079 3549; x_wconf 76' lang='lat' dir='ltr'><strong>adspicientur</strong></span> <span class='ocrx_word' id='word_1_225' title='bbox 3123 3448 3232 3523; x_wconf 88' lang='lat' dir='ltr'><strong>vel</strong></span> <span class='ocrx_word' id='word_1_226' title='bbox 3272 3447 3559 3524; x_wconf 90' lang='lat' dir='ltr'><strong>auribus</strong></span> <span class='ocrx_word' id='word_1_227' title='bbox 3604 3444 4049 3546; x_wconf 89' lang='lat' dir='ltr'><strong>accipiantur.</strong></span> 
     </span>
     <span class='ocr_line' id='line_1_25' title="bbox 1006 3562 4051 3671; baseline 0 -35"><span class='ocrx_word' id='word_1_228' title='bbox 1006 3562 1270 3638; x_wconf 90' lang='lat' dir='ltr'><strong>Verum</strong></span> <span class='ocrx_word' id='word_1_229' title='bbox 1349 3591 1528 3665; x_wconf 92' lang='lat' dir='ltr'><strong>quae</strong></span> <span class='ocrx_word' id='word_1_230' title='bbox 1599 3569 1928 3644; x_wconf 87' lang='lat' dir='ltr'><strong>orationis</strong></span> <span class='ocrx_word' id='word_1_231' title='bbox 2003 3571 2330 3647; x_wconf 87' lang='lat' dir='ltr'><strong>facultate</strong></span> <span class='ocrx_word' id='word_1_232' title='bbox 2402 3571 2703 3671; x_wconf 90' lang='lat' dir='ltr'><strong>perfecta</strong></span> <span class='ocrx_word' id='word_1_233' title='bbox 2778 3574 2983 3656; x_wconf 88' lang='lat' dir='ltr'><strong>sunt,</strong></span> <span class='ocrx_word' id='word_1_234' title='bbox 3062 3567 3157 3643; x_wconf 91' lang='lat' dir='ltr'><strong>ad</strong></span> <span class='ocrx_word' id='word_1_235' title='bbox 3222 3593 3305 3643; x_wconf 90' lang='lat' dir='ltr'><strong>ea</strong></span> <span class='ocrx_word' id='word_1_236' title='bbox 3380 3566 3759 3643; x_wconf 87' lang='lat' dir='ltr'><strong>multarum</strong></span> <span class='ocrx_word' id='word_1_237' title='bbox 3820 3587 4051 3639; x_wconf 89' lang='lat' dir='ltr'><strong>rerum</strong></span> 
     </span>
     <span class='ocr_line' id='line_1_26' title="bbox 1009 3683 4049 3791; baseline -0 -34"><span class='ocrx_word' id='word_1_238' title='bbox 1009 3685 1294 3760; x_wconf 86' lang='lat' dir='ltr'><strong>scientia</strong></span> <span class='ocrx_word' id='word_1_239' title='bbox 1368 3685 1782 3763; x_wconf 88' lang='lat' dir='ltr'><strong>instructum</strong></span> <span class='ocrx_word' id='word_1_240' title='bbox 1857 3690 2180 3766; x_wconf 87' lang='lat' dir='ltr'><strong>accedere</strong></span> <span class='ocrx_word' id='word_1_241' title='bbox 2246 3691 2371 3791; x_wconf 93' lang='lat' dir='ltr'><strong>qui</strong></span> <span class='ocrx_word' id='word_1_242' title='bbox 2417 3690 2767 3790; x_wconf 90' lang='lat' dir='ltr'><strong>percipere</strong></span> <span class='ocrx_word' id='word_1_243' title='bbox 2816 3686 2979 3762; x_wconf 87' lang='lat' dir='ltr'><strong>velit</strong></span> <span class='ocrx_word' id='word_1_244' title='bbox 3026 3695 3315 3788; x_wconf 90' lang='lat' dir='ltr'><strong>oportet.</strong></span> <span class='ocrx_word' id='word_1_245' title='bbox 3418 3687 3697 3761; x_wconf 88' lang='lat' dir='ltr'><strong>Etenim</strong></span> <span class='ocrx_word' id='word_1_246' title='bbox 3745 3683 4049 3784; x_wconf 90' lang='lat' dir='ltr'><strong>primum</strong></span> 
     </span>
     <span class='ocr_line' id='line_1_27' title="bbox 1011 3803 4051 3912; baseline 0 -35"><span class='ocrx_word' id='word_1_247' title='bbox 1011 3804 1237 3878; x_wconf 88' lang='lat' dir='ltr'><strong>omnis</strong></span> <span class='ocrx_word' id='word_1_248' title='bbox 1307 3807 1524 3881; x_wconf 92' lang='lat' dir='ltr'><strong>oratio</strong></span> <span class='ocrx_word' id='word_1_249' title='bbox 1591 3808 1662 3882; x_wconf 97' lang='lat' dir='ltr'><strong>in</strong></span> <span class='ocrx_word' id='word_1_250' title='bbox 1746 3809 1978 3910; x_wconf 90' lang='lat' dir='ltr'><strong>aliquo</strong></span> <span class='ocrx_word' id='word_1_251' title='bbox 2053 3821 2467 3912; x_wconf 87' lang='lat' dir='ltr'><strong>argumento</strong></span> <span class='ocrx_word' id='word_1_252' title='bbox 2536 3816 2844 3885; x_wconf 87' lang='lat' dir='ltr'><strong>versetur</strong></span> <span class='ocrx_word' id='word_1_253' title='bbox 2910 3833 3185 3884; x_wconf 88' lang='lat' dir='ltr'><strong>necesse</strong></span> <span class='ocrx_word' id='word_1_254' title='bbox 3255 3815 3399 3896; x_wconf 88' lang='lat' dir='ltr'><strong>est,</strong></span> <span class='ocrx_word' id='word_1_255' title='bbox 3468 3806 3659 3905; x_wconf 92' lang='lat' dir='ltr'><strong>quod</strong></span> <span class='ocrx_word' id='word_1_256' title='bbox 3710 3804 3845 3880; x_wconf 85' lang='lat' dir='ltr'><strong>nisi</strong></span> <span class='ocrx_word' id='word_1_257' title='bbox 3892 3803 4051 3900; x_wconf 88' lang='lat' dir='ltr'><strong>quis</strong></span> 
     </span>
     <span class='ocr_line' id='line_1_28' title="bbox 1009 3924 4051 4029; baseline 0 -31"><span class='ocrx_word' id='word_1_258' title='bbox 1009 3924 1368 4024; x_wconf 88' lang='lat' dir='ltr'><strong>cognitum</strong></span> <span class='ocrx_word' id='word_1_259' title='bbox 1421 3926 1668 4018; x_wconf 89' lang='lat' dir='ltr'><strong>habet,</strong></span> <span class='ocrx_word' id='word_1_260' title='bbox 1734 3931 1929 4007; x_wconf 90' lang='lat' dir='ltr'><strong>nulla</strong></span> <span class='ocrx_word' id='word_1_261' title='bbox 1977 3931 2104 4006; x_wconf 89' lang='lat' dir='ltr'><strong>erit</strong></span> <span class='ocrx_word' id='word_1_262' title='bbox 2154 3931 2483 4006; x_wconf 88' lang='lat' dir='ltr'><strong>orationis</strong></span> <span class='ocrx_word' id='word_1_263' title='bbox 2528 3928 2957 4018; x_wconf 87' lang='lat' dir='ltr'><strong>aestimatio,</strong></span> <span class='ocrx_word' id='word_1_264' title='bbox 3024 3929 3282 4029; x_wconf 88' lang='lat' dir='ltr'><strong>quippe</strong></span> <span class='ocrx_word' id='word_1_265' title='bbox 3331 3926 3531 4003; x_wconf 89' lang='lat' dir='ltr'><strong>cuius</strong></span> <span class='ocrx_word' id='word_1_266' title='bbox 3582 3925 3801 4001; x_wconf 86' lang='lat' dir='ltr'><strong>virtus</strong></span> <span class='ocrx_word' id='word_1_267' title='bbox 3848 3925 3921 4000; x_wconf 90' lang='lat' dir='ltr'><strong>in</strong></span> <span class='ocrx_word' id='word_1_268' title='bbox 3968 3948 4051 3998; x_wconf 89' lang='lat' dir='ltr'><strong>eo</strong></span> 
     </span>
     <span class='ocr_line' id='line_1_29' title="bbox 1011 4044 4049 4151; baseline 0 -33"><span class='ocrx_word' id='word_1_269' title='bbox 1011 4044 1314 4120; x_wconf 87' lang='lat' dir='ltr'><strong>maxime</strong></span> <span class='ocrx_word' id='word_1_270' title='bbox 1361 4057 1722 4139; x_wconf 87' lang='lat' dir='ltr'><strong>cernatur,</strong></span> <span class='ocrx_word' id='word_1_271' title='bbox 1776 4058 1855 4125; x_wconf 88' lang='lat' dir='ltr'><strong>ut</strong></span> <span class='ocrx_word' id='word_1_272' title='bbox 1897 4052 1990 4125; x_wconf 88' lang='lat' dir='ltr'><strong>sit</strong></span> <span class='ocrx_word' id='word_1_273' title='bbox 2031 4051 2123 4125; x_wconf 91' lang='lat' dir='ltr'><strong>ad</strong></span> <span class='ocrx_word' id='word_1_274' title='bbox 2169 4075 2403 4127; x_wconf 91' lang='lat' dir='ltr'><strong>rerum</strong></span> <span class='ocrx_word' id='word_1_275' title='bbox 2446 4051 2859 4151; x_wconf 85' lang='lat' dir='ltr'><strong>dignitatem</strong></span> <span class='ocrx_word' id='word_1_276' title='bbox 2900 4057 3061 4148; x_wconf 89' lang='lat' dir='ltr'><strong>apte</strong></span> <span class='ocrx_word' id='word_1_277' title='bbox 3098 4049 3379 4123; x_wconf 86' lang='lat' dir='ltr'><strong>inventa</strong></span> <span class='ocrx_word' id='word_1_278' title='bbox 3416 4073 3495 4124; x_wconf 89' lang='lat' dir='ltr'><strong>ac</strong></span> <span class='ocrx_word' id='word_1_279' title='bbox 3530 4046 3864 4145; x_wconf 88' lang='lat' dir='ltr'><strong>disposita</strong></span> <span class='ocrx_word' id='word_1_280' title='bbox 3903 4069 4049 4119; x_wconf 85' lang='lat' dir='ltr'><strong>ver-</strong></span> 
     </span>
     <span class='ocr_line' id='line_1_30' title="bbox 1012 4163 4053 4267; baseline 0 -30"><span class='ocrx_word' id='word_1_281' title='bbox 1012 4163 1264 4263; x_wconf 91' lang='lat' dir='ltr'><strong>bisque</strong></span> <span class='ocrx_word' id='word_1_282' title='bbox 1331 4165 1422 4239; x_wconf 92' lang='lat' dir='ltr'><strong>ad</strong></span> <span class='ocrx_word' id='word_1_283' title='bbox 1491 4166 1872 4243; x_wconf 89' lang='lat' dir='ltr'><strong>subiectam</strong></span> <span class='ocrx_word' id='word_1_284' title='bbox 1941 4170 2300 4247; x_wconf 88' lang='lat' dir='ltr'><strong>materiem</strong></span> <span class='ocrx_word' id='word_1_285' title='bbox 2369 4169 2903 4247; x_wconf 85' lang='lat' dir='ltr'><strong>accommodatis</strong></span> <span class='ocrx_word' id='word_1_286' title='bbox 2970 4168 3483 4267; x_wconf 88' lang='lat' dir='ltr'><strong>comprehensa.</strong></span> <span class='ocrx_word' id='word_1_287' title='bbox 3608 4165 3789 4240; x_wconf 83' lang='lat' dir='ltr'><strong>Tum</strong></span> <span class='ocrx_word' id='word_1_288' title='bbox 3862 4163 4053 4239; x_wconf 88' lang='lat' dir='ltr'><strong>nulla</strong></span> 
     </span>
     <span class='ocr_line' id='line_1_31' title="bbox 1014 4285 4049 4390; baseline -0 -31"><span class='ocrx_word' id='word_1_289' title='bbox 1014 4285 1231 4359; x_wconf 88' lang='lat' dir='ltr'><strong>oratio</strong></span> <span class='ocrx_word' id='word_1_290' title='bbox 1281 4309 1370 4358; x_wconf 91' lang='lat' dir='ltr'><strong>ne</strong></span> <span class='ocrx_word' id='word_1_291' title='bbox 1413 4286 1703 4386; x_wconf 87' lang='lat' dir='ltr'><strong>cogitari</strong></span> <span class='ocrx_word' id='word_1_292' title='bbox 1745 4288 2028 4387; x_wconf 90' lang='lat' dir='ltr'><strong>quidem</strong></span> <span class='ocrx_word' id='word_1_293' title='bbox 2079 4300 2348 4390; x_wconf 88' lang='lat' dir='ltr'><strong>potest,</strong></span> <span class='ocrx_word' id='word_1_294' title='bbox 2410 4291 2544 4366; x_wconf 90' lang='lat' dir='ltr'><strong>nisi</strong></span> <span class='ocrx_word' id='word_1_295' title='bbox 2593 4314 2773 4389; x_wconf 90' lang='lat' dir='ltr'><strong>quae</strong></span> <span class='ocrx_word' id='word_1_296' title='bbox 2820 4287 3053 4388; x_wconf 89' lang='lat' dir='ltr'><strong>aliqua</strong></span> <span class='ocrx_word' id='word_1_297' title='bbox 3104 4288 3342 4387; x_wconf 91' lang='lat' dir='ltr'><strong>lingua</strong></span> <span class='ocrx_word' id='word_1_298' title='bbox 3386 4296 3745 4385; x_wconf 89' lang='lat' dir='ltr'><strong>tamquam</strong></span> <span class='ocrx_word' id='word_1_299' title='bbox 3794 4285 4049 4359; x_wconf 89' lang='lat' dir='ltr'><strong>instru-</strong></span> 
     </span>
     <span class='ocr_line' id='line_1_32' title="bbox 1013 4393 4053 4496; baseline 0 -18"><span class='ocrx_word' id='word_1_300' title='bbox 1013 4412 1249 4479; x_wconf 89' lang='lat' dir='ltr'><strong>mento</strong></span> <span class='ocrx_word' id='word_1_301' title='bbox 1317 4413 1555 4482; x_wconf 89' lang='lat' dir='ltr'><strong>utatur</strong></span> <span class='ocrx_word' id='word_1_302' title='bbox 1574 4467 1594 4496; x_wconf 91' lang='lat'><strong>,</strong></span> <span class='ocrx_word' id='word_1_303' title='bbox 1663 4409 1864 4484; x_wconf 90' lang='lat' dir='ltr'><strong>cuius</strong></span> <span class='ocrx_word' id='word_1_304' title='bbox 1933 4409 2224 4485; x_wconf 86' lang='lat' dir='ltr'><strong>scientia</strong></span> <span class='ocrx_word' id='word_1_305' title='bbox 2297 4409 2573 4486; x_wconf 87' lang='lat' dir='ltr'><strong>sublata</strong></span> <span class='ocrx_word' id='word_1_306' title='bbox 2626 4393 3073 4484; x_wconf 58' lang='lat' dir='ltr'><strong>&#39;disertissimi</strong></span> <span class='ocrx_word' id='word_1_307' title='bbox 3140 4407 3438 4482; x_wconf 87' lang='lat' dir='ltr'><strong>hominis</strong></span> <span class='ocrx_word' id='word_1_308' title='bbox 3506 4403 4053 4481; x_wconf 87' lang='lat' dir='ltr'><strong>luculentissima</strong></span> 
     </span>
     <span class='ocr_line' id='line_1_33' title="bbox 1010 4524 4051 4631; baseline 0 -33"><span class='ocrx_word' id='word_1_309' title='bbox 1010 4525 1228 4600; x_wconf 89' lang='lat' dir='ltr'><strong>oratio</strong></span> <span class='ocrx_word' id='word_1_310' title='bbox 1290 4549 1428 4602; x_wconf 90' lang='lat' dir='ltr'><strong>non</strong></span> <span class='ocrx_word' id='word_1_311' title='bbox 1497 4526 1804 4603; x_wconf 91' lang='lat' dir='ltr'><strong>humana</strong></span> <span class='ocrx_word' id='word_1_312' title='bbox 1860 4536 2007 4604; x_wconf 91' lang='lat' dir='ltr'><strong>arte</strong></span> <span class='ocrx_word' id='word_1_313' title='bbox 2071 4531 2457 4631; x_wconf 89' lang='lat' dir='ltr'><strong>perfectum</strong></span> <span class='ocrx_word' id='word_1_314' title='bbox 2520 4554 2697 4629; x_wconf 89' lang='lat' dir='ltr'><strong>opus</strong></span> <span class='ocrx_word' id='word_1_315' title='bbox 2746 4527 3134 4616; x_wconf 88' lang='lat' dir='ltr'><strong>videbitur,</strong></span> <span class='ocrx_word' id='word_1_316' title='bbox 3182 4527 3305 4601; x_wconf 89' lang='lat' dir='ltr'><strong>sed</strong></span> <span class='ocrx_word' id='word_1_317' title='bbox 3352 4549 3675 4601; x_wconf 90' lang='lat' dir='ltr'><strong>sonorum</strong></span> <span class='ocrx_word' id='word_1_318' title='bbox 3726 4524 4051 4600; x_wconf 84' lang='lat' dir='ltr'><strong>fortuitus</strong></span> 
     </span>
     <span class='ocr_line' id='line_1_34' title="bbox 1009 4645 4053 4750; baseline 0 -31"><span class='ocrx_word' id='word_1_319' title='bbox 1009 4645 1297 4744; x_wconf 86' lang='lat' dir='ltr'><strong>quidam</strong></span> <span class='ocrx_word' id='word_1_320' title='bbox 1367 4671 1743 4724; x_wconf 86' lang='lat' dir='ltr'><strong>concursus</strong></span> <span class='ocrx_word' id='word_1_321' title='bbox 1798 4672 1888 4722; x_wconf 90' lang='lat' dir='ltr'><strong>ne</strong></span> <span class='ocrx_word' id='word_1_322' title='bbox 1951 4650 2240 4726; x_wconf 87' lang='lat' dir='ltr'><strong>auribus</strong></span> <span class='ocrx_word' id='word_1_323' title='bbox 2293 4651 2577 4750; x_wconf 85' lang='lat' dir='ltr'><strong>quidem</strong></span> <span class='ocrx_word' id='word_1_324' title='bbox 2600 4708 2619 4739; x_wconf 91' lang='lat'><strong>,</strong></span> <span class='ocrx_word' id='word_1_325' title='bbox 2682 4650 2861 4724; x_wconf 91' lang='lat' dir='ltr'><strong>sicut</strong></span> <span class='ocrx_word' id='word_1_326' title='bbox 2904 4647 3135 4724; x_wconf 86' lang='lat' dir='ltr'><strong>avium</strong></span> <span class='ocrx_word' id='word_1_327' title='bbox 3186 4654 3473 4735; x_wconf 86' lang='lat' dir='ltr'><strong>cantus,</strong></span> <span class='ocrx_word' id='word_1_328' title='bbox 3523 4645 4053 4722; x_wconf 90' lang='lat' dir='ltr'><strong>oblectationem</strong></span> 
     </span>
     <span class='ocr_line' id='line_1_35' title="bbox 1007 4765 4051 4868; baseline -0 -29"><span class='ocrx_word' id='word_1_329' title='bbox 1007 4765 1320 4843; x_wconf 85' lang='lat' dir='ltr'><strong>afferens.</strong></span> <span class='ocrx_word' id='word_1_330' title='bbox 1425 4769 1788 4843; x_wconf 88' lang='lat' dir='ltr'><strong>Praeterea</strong></span> <span class='ocrx_word' id='word_1_331' title='bbox 1849 4793 2010 4844; x_wconf 89' lang='lat' dir='ltr'><strong>cum</strong></span> <span class='ocrx_word' id='word_1_332' title='bbox 2075 4795 2304 4846; x_wconf 88' lang='lat' dir='ltr'><strong>mores</strong></span> <span class='ocrx_word' id='word_1_333' title='bbox 2374 4771 2737 4848; x_wconf 88' lang='lat' dir='ltr'><strong>hominum</strong></span> <span class='ocrx_word' id='word_1_334' title='bbox 2799 4774 3085 4868; x_wconf 86' lang='lat' dir='ltr'><strong>totaque</strong></span> <span class='ocrx_word' id='word_1_335' title='bbox 3154 4766 3498 4842; x_wconf 88' lang='lat' dir='ltr'><strong>sentiendi</strong></span> <span class='ocrx_word' id='word_1_336' title='bbox 3560 4765 4051 4866; x_wconf 86' lang='lat' dir='ltr'><strong>cogitandique</strong></span> 
     </span>
    </p>
   </div>
   <div class='ocr_carea' id='block_1_3' title="bbox 4708 5235 4712 5800">
    <p class='ocr_par' dir='ltr' id='par_1_4' title="bbox 4708 5235 4712 5800">
     <span class='ocr_line' id='line_1_36' title="bbox 4708 5235 4712 5800; baseline 0 0"><span class='ocrx_word' id='word_1_337' title='bbox 4708 5235 4712 5800; x_wconf 95' lang='lat' dir='ltr'><strong> </strong></span> 
     </span>
    </p>
   </div>
  </div>
 </body>
</html>
