4728 5991
1857 604 2415 675 ORATIO.
3584 609 3669 676 21

621 811 928 902 Batava,
978 813 1052 887 in
1097 837 1238 912 qua
1287 811 1639 888 curandan
1660 868 1681 901 ,
1747 837 1887 888 non
1933 813 2122 890 mius
2167 839 2383 913 quam
2425 824 2586 891 ante
2636 817 2711 891 in
2752 817 2905 891 aliis
2948 817 3159 892 rebus
3208 816 3673 917 gravissimis,

626 931 958 1007 honorem
1009 930 1144 1006 sibi
1180 931 1566 1008 conciliavit
1605 932 1860 1008 virtute
1903 958 2032 1008 sua
2073 933 2391 1033 dignum.
2484 935 2681 1012 Haec
2722 944 2957 1012 autem
2998 937 3151 1038 ipsa
3193 937 3411 1012 virtus
3451 961 3675 1037 quum

629 1049 930 1126 effecerit
975 1059 1056 1126 ut
1101 1052 1256 1127 Rex
1297 1051 1870 1152 Angustissimus
1919 1075 2399 1129 sumnonem
2443 1054 2519 1128 in
2568 1079 2890 1154 supremo
2932 1054 3351 1153 reipublicae
3390 1054 3677 1130 consilio

626 1170 878 1270 eligere
943 1171 1394 1260 decrevisset,
1465 1180 1650 1247 recte
1716 1170 2000 1270 quidem
2059 1171 2296 1248 laetati
2359 1197 2603 1247 sumus
2655 1173 2801 1248 hoc·
2834 1173 2987 1273 ipso
3019 1175 3350 1262 -deoreto,
3406 1174 3529 1248 sed
3577 1173 3679 1248 ita

625 1290 862 1365 laetati
925 1314 1170 1366 sumus
1247 1299 1326 1366 ut
1397 1291 1608 1366 simul
1667 1291 2024 1366 doleamus
2045 1349 2066 1380 ,
2137 1293 2322 1391 quod
2382 1294 2506 1391 qui
2554 1293 2754 1368 illum
2796 1294 3021 1369 locum
3082 1277 3558 1394 occupaverit,
3612 1293 3679 1367 ei

631 1410 742 1486 hic
791 1411 984 1486 locus
1033 1409 1243 1485 fuerit
1290 1410 1806 1510 relinquendus.

723 1531 844 1606 Ad
919 1537 1222 1605 vestrum
1283 1555 1488 1630 porro
1553 1531 1867 1605 ordinem
1931 1532 2102 1606 dum
2163 1555 2276 1605 me
2337 1539 2659 1606 converto
2681 1591 2701 1620 ,
2768 1533 2977 1607 huius
3038 1533 3458 1609 Academiae
3511 1533 3677 1607 Pro-

627 1651 953 1738 fessores,
1024 1648 1176 1724 Viri
1241 1650 1664 1738 Clarissimi,
1709 1652 1832 1750 qui
1873 1651 2070 1726 aliter
2119 1651 2272 1725 fieri
2321 1651 2543 1750 possit
2592 1675 2803 1751 quam
2866 1661 2945 1726 ut
2994 1652 3357 1728 confestim
3408 1652 3479 1726 in
3535 1676 3679 1727 me-

629 1769 918 1845 moriam
958 1770 1236 1845 redeam
1287 1793 1773 1846 nsunusum
1829 1771 2084 1859 nostri,
2135 1795 2345 1869 quem
2391 1772 2612 1845 virum
2637 1829 2656 1859 ,
2706 1780 2778 1846 et
2824 1772 2978 1847 aliis
3029 1772 3433 1847 nominibus
3477 1797 3675 1871 prae·

629 1890 892 1966 clarum
912 1946 933 1977 ,
983 1897 1054 1964 et
1090 1889 1180 1963 de
1218 1889 1426 1964 rebus
1463 1887 1899 1965 Academicis
1937 1887 2497 1976 meritissimum,
2526 1889 2599 1963 in
2637 1889 2790 1988 ipso
2829 1891 3007 1965 vitae
3042 1916 3287 1980 cursu,
3333 1891 3681 1990 vigentem

630 2010 1132 2108 florentemque
1179 2008 1406 2084 fatum
1461 2009 1663 2084 nobis
1712 2007 1968 2108 eripuit
2013 2015 2085 2082 et
2129 2007 2456 2082 omnibus
2500 2009 2759 2107 quibus
2794 2035 2994 2084 carus
3040 2019 3187 2085 erat
3229 2010 3681 2110 dilectusque.

727 2129 962 2204 Natus
1031 2128 1506 2228 educatusque
1577 2127 1874 2204 Traiecti
1939 2127 2028 2202 ad
2098 2127 2427 2203 Rhenum
2487 2154 2709 2228 quum
2755 2131 2827 2203 in
2880 2131 3103 2229 patria
3158 2129 3329 2204 urbe
3380 2130 3687 2204 stadium

634 2247 998 2348 Gymnasii
1073 2248 1486 2322 decurrisset
1554 2255 1625 2322 et
1690 2249 1945 2322 civium
2011 2247 2589 2322 Academicorum
2654 2273 2945 2324 numero
3014 2257 3197 2324 esset
3256 2250 3686 2348 adscriptus,

633 2369 821 2444 venit
877 2369 954 2442 in
1001 2367 1436 2468 disciplinam
1487 2367 1851 2455 Hausnu,
1906 2367 2032 2440 viri
2087 2366 2487 2454 clarissimi,
2554 2355 2757 2442 cuius
2812 2369 3107 2443 docendi
3147 2370 3691 2470 disputandique

633 2489 1007 2566 methodus
1062 2486 1535 2586 philosophica
1595 2495 2022 2585 quantopere
2071 2485 2447 2585 discipulos
2513 2485 2584 2560 in
2634 2486 3162 2560 admirationem
3233 2490 3344 2562 sui
3410 2512 3647 2588 rapere
3669 2547 3689 2576 ,

635 2608 1044 2686 auctoritate
1099 2631 1229 2680 sua
1273 2605 1638 2705 percellere
1687 2605 1778 2679 ad
1828 2605 2210 2703 eademque
2261 2605 2496 2680 studia
2540 2606 2838 2680 excitare
2886 2606 3175 2680 valuerit
3194 2663 3215 2696 ,
3278 2631 3387 2681 res
3422 2617 3528 2682 est
3568 2631 3690 2682 no-

635 2728 928 2803 tissima.
1065 2726 1160 2799 Et
1232 2733 1472 2800 tamen
1544 2725 1620 2802 id
1695 2732 1878 2800 certe
1958 2724 2289 2824 temporis
2369 2725 2442 2799 in
2526 2750 2609 2800 ea
2670 2724 3050 2800 Academia
3128 2727 3335 2825 pauci
3406 2726 3694 2825 quidem

639 2854 836 2922 eraut
882 2845 1190 2934 alumni,
1239 2845 1314 2918 iu
1367 2869 1665 2943 quorum
1717 2868 2009 2918 numero
2059 2843 2198 2918 fuit
2247 2865 2835 2933 nunmnannus,
2892 2845 3019 2943 qui
3066 2869 3207 2920 non
3254 2853 3695 2946 paterentur,

639 2966 766 3044 ubi
823 2965 1156 3066 magister
1223 2964 1465 3041 altiora
1509 2973 1740 3066 petere
1788 2964 2133 3040 videretur
2156 3024 2176 3054 ‚
2251 2989 2323 3040 se
2370 2964 2460 3041 ab
2515 2991 2598 3041 eo
2646 2964 2911 3066 abripi,
2962 2966 3224 3067 quique
3272 2966 3345 3041 in
3396 2966 3484 3041 iis
3532 2989 3697 3042 eum

641 3085 970 3163 admirari
1015 3110 1224 3185 quam
1265 3085 1462 3184 sequi
1507 3086 1832 3176 mallent,
1884 3085 2092 3160 verbo
2112 3144 2132 3173 ,
2176 3084 2433 3184 quibus
2475 3110 2601 3161 suo
2635 3086 2869 3186 potius
2895 3085 3198 3185 placeret
3222 3112 3434 3186 quam
3474 3087 3699 3162 alieno

645 3216 824 3283 stare
882 3205 1162 3283 iudicio.
1265 3208 1467 3285 Quae
1514 3205 1755 3282 iudicii
1797 3205 2184 3280 constantia
2237 3206 2296 3279 si
2335 3205 2411 3279 in
2454 3206 2700 3305 quovis
2744 3206 2878 3281 alio
2922 3206 3161 3305 magni
3209 3204 3525 3282 facienda
3572 3207 3699 3295 sit,

643 3328 832 3428 quod
898 3327 1224 3401 iuventus
1290 3326 1700 3425 plerumque
1761 3326 1956 3401 nulla
2026 3349 2100 3399 re
2163 3324 2387 3425 magis
2454 3324 2635 3400 allici
2702 3327 2875 3400 solet
2954 3334 3025 3399 et
3090 3326 3418 3401 oblectari
3486 3351 3700 3425 quam

646 3471 824 3545 quae
881 3445 1146 3521 iustum
1203 3446 1492 3521 modum
1541 3446 1870 3521 excedere
1921 3444 2271 3533 videatur,
2341 3468 2494 3519 eam
2544 3444 2617 3519 in
2672 3454 3187 3520 'HULLEMANNO
3238 3453 3429 3520 tanto
3483 3446 3702 3545 pluris

646 3566 980 3641 faciamus
1029 3590 1308 3641 necesse
1355 3573 1463 3640 est
1483 3624 1502 3654 ,
1553 3565 1626 3639 iu
1684 3590 1826 3664 quo
1874 3573 2112 3639 tantus
2161 3572 2308 3639 erat
2353 3563 2779 3639 Traiectinae
2830 3565 3099 3640 scholae
3146 3590 3338 3640 amor
3392 3575 3472 3639 ut
3520 3590 3701 3641 nun·

651 3710 862 3785 quam
947 3686 1160 3761 deleri
1239 3685 1567 3786 potuerit.
1691 3684 1834 3760 Hic
1905 3691 2140 3759 autem
2219 3682 2413 3759 nefas
2475 3684 2566 3757 sit
2627 3684 2909 3760 reticere
2982 3709 3317 3783 magnum
3388 3684 3704 3782 magistri

651 3804 964 3879 animum
985 3864 1004 3893 ,
1077 3806 1203 3903 qui
1263 3812 1542 3879 tantum
1610 3802 1849 3879 aberat
1926 3812 2008 3878 ut
2085 3828 2238 3879 eam
2304 3803 2763 3878 constantiam
2825 3805 2900 3878 in
2969 3803 3307 3901 discipulo
3360 3802 3701 3902 vitupera-

654 3924 868 4013 verit,
967 3932 1048 3997 ut
1131 3945 1678 3999 flunmuaunus
1771 3931 1843 3997 et
1928 3924 2000 3998 in
2089 3922 2508 3998 Academico
2588 3922 2813 3996 stadio
2891 3932 2963 3997 et
3044 3924 3118 3997 in
3208 3922 3473 4021 reliqua
3564 3924 3707 3999 vita

653 4042 1005 4117 neminem
1076 4042 1398 4119 habuerit
1457 4042 1658 4117 cuius
1717 4043 1942 4142 magis
2008 4066 2222 4141 quam
2269 4064 2575 4116 nnusnu
2624 4041 2734 4115 sui
2782 4042 3083 4117 favorem
3134 4050 3461 4141 expertus
3505 4043 3596 4117 sit
3635 4053 3705 4118 et

656 4162 1053 4239 amicitiam.

753 4282 1134 4357 Academia
1201 4305 1476 4357 summa
1546 4305 1706 4355 cum
1782 4280 1988 4355 laude
2055 4280 2294 4355 relicta
2341 4304 2506 4355 mox
2554 4280 2919 4355 stationem
2971 4288 3217 4357 nactus
3263 4290 3370 4357 est
3414 4281 3711 4357 Traiecti

661 4400 752 4475 ad
827 4402 1102 4476 Mosam
1127 4460 1147 4489 ,
1221 4410 1300 4476 ut
1368 4401 1443 4475 in
1505 4400 1867 4477 Athenaeo
1935 4399 2161 4499 Regio
2209 4400 2473 4474 litteras
2522 4399 2799 4475 doceret
2852 4400 3170 4476 Graecas.
3273 4402 3437 4479 Quo
3486 4424 3711 4499 quum

664 4520 959 4610 veniret,
1025 4521 1176 4621 ipse
1239 4520 1566 4620 equidem
1615 4514 1762 4594 vidi
1810 4528 1981 4620 quot
2027 4527 2100 4594 et
2149 4525 2451 4618 quantae
2512 4517 2953 4593 difficultates
3008 4518 3434 4616 superandae
3479 4526 3713 4593 essent

666 4662 903 4715 recens
968 4648 1196 4717 creato
1269 4639 1575 4728 doctori,
1646 4640 1768 4739 qui
1828 4664 1984 4715 eam
2049 4639 2443 4714 studiorum
2508 4644 2776 4737 partem
2843 4636 3164 4726 doceret,
3225 4662 3405 4737 quae
3449 4638 3526 4712 in
3575 4638 3715 4712 illis

666 4757 1068 4859 regionibus
1137 4759 1409 4835 dudum
1481 4757 1710 4835 fuerat
1785 4758 2130 4857 neglecta,
2189 4757 2529 4855 cuiusque
2578 4756 3149 4833 instaurationem
3197 4757 3385 4833 haud
3430 4754 3627 4832 facile
3671 4779 3716 4832 a
