4728 5991
1835 612 2396 682 ORATIO.
3497 615 3629 684 209

586 827 819 903 minus
887 823 1075 924 apud
1144 846 1271 896 nos
1338 819 1709 896 dubitandi
1778 840 2067 919 campus
2118 843 2337 918 aeque
2385 819 2522 894 late
2567 845 2780 920 quam
2833 820 3002 896 alibi
3048 828 3306 922 pateat.
3406 823 3628 900 Phae-

584 969 881 1022 nomena
933 943 1177 1018 saltem
1220 948 1293 1016 et
1334 939 1451 1014 hic
1498 947 1570 1013 et
1615 938 1753 1014 illic
1807 938 1941 1013 sibi
1990 937 2286 1012 invicem
2339 938 2688 1014 simillima
2743 947 2944 1028 sunt,
2997 949 3070 1016 et
3119 942 3262 1017 sive
3303 942 3393 1018 ad
3456 947 3625 1019 Ger-

584 1068 877 1141 maniam
936 1071 1149 1161 atque
1212 1061 1601 1136 Helvetium
1620 1117 1641 1147 ,
1694 1057 1835 1133 sive
1882 1057 1975 1133 ad
2024 1059 2326 1133 Galliam
2346 1116 2368 1146 ,
2418 1065 2542 1132 aut
2589 1057 2763 1132 adeo
2808 1060 2900 1134 ad
2949 1063 3266 1158 Anqliam
3320 1073 3626 1137 mentem

585 1183 899 1260 advertas
922 1239 943 1271 ‚
1020 1180 1248 1255 ubivis
1311 1178 1453 1254 fere
1530 1177 1810 1253 easdem
1884 1202 2079 1252 voces
2128 1177 2428 1252 audietis
2451 1234 2472 1266 ,
2523 1177 2938 1276 Theologiae
2986 1179 3422 1256 Christianae
3465 1183 3624 1258 cha-

586 1311 917 1378 racterem
972 1323 1183 1375 suum
1232 1297 1693 1387 obiectivum,
1754 1305 2112 1386 sanctum,
2176 1307 2535 1372 aeternum
2586 1297 3129 1396 denegantium,
3179 1311 3626 1399 nostramque

589 1421 1021 1520 disciplinam
1110 1419 1211 1493 nil
1288 1417 1587 1518 amplius
1656 1441 1807 1492 esse
1874 1416 2442 1492 contendentium
2468 1475 2489 1504 ,
2561 1440 2774 1514 quam
2833 1417 3066 1493 lusum
3129 1421 3626 1521 sempiternum

590 1550 799 1640 atque
873 1539 1147 1615 futilem
1214 1539 1618 1638 opinionum
1693 1561 1881 1612 mere
1958 1535 2496 1612 subiectivarum
2521 1595 2542 1626 ,
2623 1535 2816 1610 omni
2901 1539 3102 1613 firmo
3175 1540 3631 1617 fundamento

590 1661 789 1759 plane
848 1657 1254 1732 carentium.
1352 1655 1840 1730 Fundamento
1889 1661 2125 1729 autem
2176 1655 2676 1754 superstruitur
2725 1656 2837 1731 hic
2889 1659 3383 1758 Scepticismus
3406 1721 3426 1749 ,
3475 1688 3630 1761 par·

590 1779 713 1854 tim
780 1774 1643 1878 speculativo-philosopho
1665 1832 1684 1863 ,
1752 1774 2004 1874 partim
2074 1774 2688 1851 historico-critico.
2789 1777 3092 1852 Nomine
3150 1780 3634 1880 Philosophiae

593 1895 1049 1998 speculativae
1116 1894 1343 1969 omnis
1403 1894 1594 1968 notio
1645 1894 1733 1968 de
1786 1895 1937 1968 Deo
1982 1893 2271 1990 eiusque
2326 1895 2418 1970 ad
2465 1894 2814 1970 mundum
2861 1897 3191 1974 relatione
3239 1902 3633 1998 repellitur,

590 2041 763 2117 quae
819 2041 983 2091 cum
1036 2013 1287 2114 placito
1348 2014 1435 2087 de
1490 2013 1623 2088 Dei
1672 2015 2169 2102 humanentid,
2225 2041 2291 2114 q.
2344 2014 2415 2089 d.
2468 2016 2790 2090 absoluta
2829 2040 2966 2090 non
3016 2017 3220 2116 plane
3273 2021 3636 2096 convenire

588 2134 897 2222 videtur,
948 2141 1158 2231 atque
1202 2131 1474 2218 omnia,
1526 2156 1709 2229 quae
1756 2131 1847 2206 ab
1890 2132 2239 2207 ordinario
2276 2139 2565 2208 naturae
2609 2157 2822 2208 cursu
2871 2136 3289 2228 deflectunt,
3339 2167 3386 2214 α
3407 2144 3643 2238 priori

587 2253 765 2328 inter
832 2253 1105 2328 fabulas
1176 2259 1660 2339 recensentur,
1741 2250 2163 2326 mulierculis
2244 2259 2518 2325 tantum
2596 2261 2806 2351 atque
2885 2256 3323 2333 imberbibus
3402 2261 3638 2358 pueris

590 2398 945 2473 congruas.
1046 2373 1350 2447 Nomine
1423 2371 1715 2445 Critices
1786 2369 2073 2444 Altioris
2158 2369 2316 2443 libri
2391 2369 2610 2443 sancti
2665 2370 2972 2446 maxima
3029 2399 3112 2447 ex
3168 2386 3363 2474 parte
3419 2381 3640 2476 spurii·

590 2495 1021 2581 iudicantur,
1093 2491 1369 2591 fideque
1439 2490 1723 2566 minime
1796 2489 2013 2588 digni.
2140 2488 2299 2562 Hoc
2362 2487 2580 2586 igitur
2648 2490 2991 2565 consortio
3060 2493 3267 2582 nixa,
3341 2495 3482 2570 iam
3560 2499 3634 2572 in

591 2615 895 2690 Ecclesia
944 2612 1341 2688 Christiana
1381 2610 1638 2708 prodiit
1678 2609 2135 2709 scepticorum
2184 2610 2528 2684 sententia
2547 2667 2568 2698 ,
2620 2633 2838 2708 eaque
2884 2611 3014 2687 hoc
3062 2613 3270 2689 modo
3319 2614 3632 2704 exculta,

592 2741 671 2808 ut
743 2732 895 2808 eius
968 2732 1273 2808 fautores
1342 2755 1503 2805 mox
1554 2729 1690 2829 ipsi
1748 2731 2209 2829 Doymatismo
2228 2787 2248 2818 ,
2298 2755 2370 2829 q.
2422 2729 2490 2805 d.
2545 2733 2854 2828 neyativo
2903 2731 3164 2806 addicti
3213 2745 3632 2832 appareant,

594 2877 816 2952 neque
858 2853 989 2928 hoc
1036 2852 1189 2950 ipso
1234 2851 1581 2939 contenti,
1632 2850 1822 2950 quod
1865 2875 2014 2926 sese
2052 2849 2500 2949 dogmatibus
2540 2848 2866 2924 omnibus
2907 2851 3198 2927 firmiter
3235 2865 3587 2953 opponant
3609 2913 3630 2944 ,

594 2997 807 3048 unum
858 2971 1103 3047 saltem
1140 2971 1395 3071 dogma
1442 2976 1924 3069 propugnent,
1974 2967 2105 3043 hec
2148 2968 2476 3043 nimirum
2505 3028 2524 3059 ,
2575 2969 2808 3044 omnia
2851 2997 3029 3070 quae
3072 2983 3391 3049 naturam
3433 2975 3635 3051 nobis

592 3092 937 3190 cognitam
976 3098 1321 3190 „superant
1374 3090 1479 3164 vel
1528 3088 1829 3164 absurda
1878 3112 2029 3163 esse
2053 3146 2073 3175 ,
2125 3088 2234 3163 vel
2280 3089 2526 3164 saltem
2575 3089 2780 3189 plane
2829 3091 3112 3169 incerta.
3189 3096 3392 3173 Quae
3444 3096 3630 3196 cogi-

594 3211 786 3287 tandi
828 3212 1001 3286 ratio
1044 3210 1184 3285 dici
1228 3211 1337 3283 vix
1384 3217 1609 3309 potest
1633 3266 1653 3295 ,
1703 3208 1789 3283 A.
1838 3209 1927 3282 A.
1952 3266 1973 3295 ,
2026 3232 2238 3305 quam
2284 3208 2546 3283 multos
2585 3210 2878 3287 asseclas
2927 3204 3290 3289 recentiori
3327 3225 3637 3315 tempore

594 3338 903 3405 assecuta
956 3332 1047 3405 sit
1090 3336 1163 3404 et
1206 3329 1607 3405 etiamnunc
1650 3328 1927 3427 assequi
1968 3337 2231 3428 pergat.
2352 3330 2516 3405 Non
2569 3330 2742 3405 adeo
2793 3331 2923 3408 hoc
2971 3332 3230 3409 illudve
3284 3336 3634 3412 doctrinae

594 3449 1023 3549 Christianae
1094 3458 1305 3549 caput
1369 3448 1441 3521 in
1509 3447 1803 3522 dubium
1871 3458 2193 3536 vocatur,
2266 3474 2480 3548 quam
2535 3451 2820 3549 quidem
2867 3452 2985 3541 id,
3037 3455 3227 3552 quod
3275 3456 3637 3555 hucusque

594 3570 679 3643 ab
754 3569 1073 3645 universa
1144 3568 1453 3643 Ecclesia
1523 3568 1705 3643 inter
1768 3568 2113 3643 axiomata
2184 3566 2325 3643 fere
2404 3570 2930 3661 recensebatur;
3007 3598 3144 3647 non
3193 3576 3493 3673 amplius
3547 3577 3636 3650 de

594 3688 754 3763 fidei
813 3689 1158 3763 Formulis
1227 3696 1437 3787 atque
1502 3686 2071 3762 Confessionibus
2128 3688 2335 3762 unius
2387 3689 2752 3765 alteriusve
2799 3692 3143 3767 societatis
3197 3694 3632 3769 Christianae

596 3809 907 3907 quaestio
974 3816 1122 3896 est,
1195 3807 1316 3883 sed
1394 3808 1483 3883 de
1562 3806 2001 3907 argumento,
2044 3808 2408 3906 Evangelii
2485 3808 2677 3907 ipso;
2755 3832 2894 3883 non
2975 3819 3248 3886 tantum
3323 3816 3632 3889 centenis

596 3928 815 4004 effatis
860 3929 1027 4001 Iesu
1065 3928 1697 4026 Apostolorumque
1741 3926 2211 4026 interrogandi
2256 3928 2538 4026 signum
2588 3930 2961 4027 apponitur
2983 3989 3004 4020 ,
3055 3956 3292 4005 verum
3343 3931 3430 4007 de
3479 3934 3630 4031 ipso

596 4048 907 4137 Christo,
972 4047 1245 4123 obiecto
1309 4045 1517 4135 fidei,
1584 4047 1977 4147 quaeritur:
2042 4050 2138 4121 τί
2190 4048 2408 4123 ἔστιν
2481 4046 2860 4140 ἅλήθειαΡ
2955 4050 3157 4125 Tales
3225 4076 3630 4152 progressus

598 4166 1029 4243 tristissimus
1076 4166 1191 4242 hic
1234 4166 1519 4241 morbus
1576 4166 1717 4240 iam
1764 4166 1967 4254 fecit,
2032 4174 2113 4239 ut
2160 4166 2423 4265 ubique
2471 4192 2804 4244 numerus
2847 4171 3136 4247 creverit
3179 4196 3420 4248 eorum
3440 4232 3460 4263 ,
3509 4175 3636 4274 qui

595 4287 871 4361 navium
922 4287 1013 4363 ad
1060 4287 1315 4373 instar,
1366 4284 1455 4359 de
1504 4285 1763 4384 quibus
1816 4309 2002 4360 naso
2052 4286 2339 4374 cecinit,

1988 4483 2143 4561 justo
2182 4482 2302 4543 sinc
2340 4482 2584 4564 pondere
2622 4484 2842 4557 labant,

1280 4584 1495 4664 Perque
1536 4602 1687 4644 marc
1725 4582 2009 4645 instabiles
2050 4584 2221 4647 nimia
2260 4583 2486 4647 levitate
2527 4586 2776 4649 feruntur
2819 4586 2889 4664 ¹).

680 4792 727 4869 1)
790 4790 1157 4868 Memor-pl.
1198 4793 1351 4853 Libr.
1395 4794 1477 4854 11·

3205 4910 3302 4984 2¹7
