<?xml version="1.0" encoding="UTF-8"?>
<!DOCTYPE html PUBLIC "-//W3C//DTD XHTML 1.0 Transitional//EN"
    "http://www.w3.org/TR/xhtml1/DTD/xhtml1-transitional.dtd">
<html xmlns="http://www.w3.org/1999/xhtml" xml:lang="en" lang="en">
 <head>
  <title>
</title>
<meta http-equiv="Content-Type" content="text/html;charset=utf-8" />
  <meta name='ocr-system' content='tesseract 3.04.00' />
  <meta name='ocr-capabilities' content='ocr_page ocr_carea ocr_par ocr_line ocrx_word'/>
</head>
<body>
  <div class='ocr_page' id='page_1' title='image "annalesacademic03confgoog_0097.png"; bbox 0 0 4728 5991; ppageno 0'>
   <div class='ocr_carea' id='block_1_1' title="bbox 1600 612 3675 688">
    <p class='ocr_par' dir='ltr' id='par_1_1' title="bbox 1600 612 3675 688">
     <span class='ocr_line' id='line_1_1' title="bbox 1600 612 3675 688; baseline 0.004 -8"><span class='ocrx_word' id='word_1_1' title='bbox 1600 613 1993 682; x_wconf 81' lang='lat' dir='ltr'>SERIES</span> <span class='ocrx_word' id='word_1_2' title='bbox 2059 612 2719 684; x_wconf 78' lang='lat' dir='ltr'><strong>LECTIONUM.</strong></span> <span class='ocrx_word' id='word_1_3' title='bbox 3590 622 3675 688; x_wconf 81' lang='lat'><strong>87</strong></span> 
     </span>
    </p>
   </div>
   <div class='ocr_carea' id='block_1_2' title="bbox 831 819 3669 1254">
    <p class='ocr_par' dir='ltr' id='par_1_2' title="bbox 831 819 3669 1254">
     <span class='ocr_line' id='line_1_2' title="bbox 831 819 3288 911; baseline 0.001 -15"><span class='ocrx_word' id='word_1_4' title='bbox 831 819 1216 896; x_wconf 75' lang='lat' dir='ltr'><strong>Historiam</strong></span> <span class='ocrx_word' id='word_1_5' title='bbox 1285 819 1470 894; x_wconf 85' lang='lat' dir='ltr'><strong>Iuris</strong></span> <span class='ocrx_word' id='word_1_6' title='bbox 1534 821 1834 896; x_wconf 86' lang='lat' dir='ltr'><strong>Romani</strong></span> <span class='ocrx_word' id='word_1_7' title='bbox 1903 822 2288 911; x_wconf 87' lang='lat' dir='ltr'><strong>enarrabit,</strong></span> <span class='ocrx_word' id='word_1_8' title='bbox 2361 822 2477 897; x_wconf 90' lang='lat' dir='ltr'><strong>die</strong></span> <span class='ocrx_word' id='word_1_9' title='bbox 2547 822 2731 897; x_wconf 84' lang='lat' dir='ltr'><strong>Iovis</strong></span> <span class='ocrx_word' id='word_1_10' title='bbox 2753 880 2773 910; x_wconf 92' lang='lat'><strong>,</strong></span> <span class='ocrx_word' id='word_1_11' title='bbox 2848 822 3141 900; x_wconf 87' lang='lat' dir='ltr'><strong>Veneris</strong></span> <span class='ocrx_word' id='word_1_12' title='bbox 3214 831 3288 900; x_wconf 90' lang='lat' dir='ltr'><strong>et</strong></span> 
     </span>
     <span class='ocr_line' id='line_1_3' title="bbox 927 939 3669 1028; baseline 0.001 -12"><span class='ocrx_word' id='word_1_13' title='bbox 927 939 1211 1016; x_wconf 83' lang='lat' dir='ltr'><strong>Saturni</strong></span> <span class='ocrx_word' id='word_1_14' title='bbox 1225 995 3287 1028; x_wconf 87' lang='grc'><strong>.............................</strong></span> <span class='ocrx_word' id='word_1_15' title='bbox 3363 943 3529 1018; x_wconf 91' lang='lat' dir='ltr'><strong>hora</strong></span> <span class='ocrx_word' id='word_1_16' title='bbox 3577 943 3669 1019; x_wconf 92' lang='lat' dir='ltr'><strong>X.</strong></span> 
     </span>
     <span class='ocr_line' id='line_1_4' title="bbox 833 1057 3410 1159; baseline 0.002 -25"><span class='ocrx_word' id='word_1_17' title='bbox 833 1058 1258 1159; x_wconf 87' lang='lat' dir='ltr'><strong>Disputandi</strong></span> <span class='ocrx_word' id='word_1_18' title='bbox 1299 1059 1622 1135; x_wconf 83' lang='lat' dir='ltr'><strong>exercitia</strong></span> <span class='ocrx_word' id='word_1_19' title='bbox 1659 1058 2161 1144; x_wconf 81' lang='lat' dir='ltr'><strong>moderabitur.</strong></span> <span class='ocrx_word' id='word_1_20' title='bbox 2215 1057 2466 1134; x_wconf 85' lang='lat' dir='ltr'><strong>diebus</strong></span> <span class='ocrx_word' id='word_1_21' title='bbox 2506 1066 2577 1135; x_wconf 89' lang='lat' dir='ltr'><strong>et</strong></span> <span class='ocrx_word' id='word_1_22' title='bbox 2618 1060 2803 1135; x_wconf 88' lang='lat' dir='ltr'><strong>horis</strong></span> <span class='ocrx_word' id='word_1_23' title='bbox 2844 1063 3285 1138; x_wconf 79' lang='lat' dir='ltr'><strong>auditoribus</strong></span> <span class='ocrx_word' id='word_1_24' title='bbox 3390 1075 3410 1088; x_wconf 86' lang='lat'><strong>‘</strong></span> 
     </span>
     <span class='ocr_line' id='line_1_5' title="bbox 928 1179 1334 1254; baseline 0 0"><span class='ocrx_word' id='word_1_25' title='bbox 928 1179 1334 1254; x_wconf 90' lang='lat' dir='ltr'><strong>commodis.</strong></span> 
     </span>
    </p>
   </div>
   <div class='ocr_carea' id='block_1_3' title="bbox 1545 1319 2747 1397">
    <p class='ocr_par' dir='ltr' id='par_1_3' title="bbox 1545 1319 2747 1397">
     <span class='ocr_line' id='line_1_6' title="bbox 1545 1319 2747 1397; baseline 0.001 -2"><span class='ocrx_word' id='word_1_26' title='bbox 1545 1320 2042 1397; x_wconf 88' lang='lat' dir='ltr'>FACUL&#39;I&#39;AS</span> <span class='ocrx_word' id='word_1_27' title='bbox 2091 1319 2747 1396; x_wconf 77' lang='lat' dir='ltr'><strong>THEOLOGIOA.</strong></span> 
     </span>
    </p>
   </div>
   <div class='ocr_carea' id='block_1_4' title="bbox 637 1538 3281 1878">
    <p class='ocr_par' dir='ltr' id='par_1_4' title="bbox 637 1538 3263 1878">
     <span class='ocr_line' id='line_1_7' title="bbox 637 1538 3263 1638; baseline 0.003 -30"><span class='ocrx_word' id='word_1_28' title='bbox 637 1549 727 1610; x_wconf 87' lang='lat' dir='ltr'><strong>W.</strong></span> <span class='ocrx_word' id='word_1_29' title='bbox 770 1551 840 1610; x_wconf 84' lang='lat' dir='ltr'><strong>A.</strong></span> <span class='ocrx_word' id='word_1_30' title='bbox 882 1549 1048 1610; x_wconf 80' lang='lat' dir='ltr'><strong>VAN</strong></span> <span class='ocrx_word' id='word_1_31' title='bbox 1089 1549 1451 1622; x_wconf 79' lang='lat' dir='ltr'><strong>HENGEL,</strong></span> <span class='ocrx_word' id='word_1_32' title='bbox 1491 1547 1850 1634; x_wconf 80' lang='lat' dir='ltr'><strong>provectae</strong></span> <span class='ocrx_word' id='word_1_33' title='bbox 1893 1540 2138 1613; x_wconf 85' lang='lat' dir='ltr'><strong>aetatis</strong></span> <span class='ocrx_word' id='word_1_34' title='bbox 2182 1562 2391 1612; x_wconf 89' lang='lat' dir='ltr'><strong>causa</strong></span> <span class='ocrx_word' id='word_1_35' title='bbox 2437 1538 2608 1612; x_wconf 91' lang='lat' dir='ltr'><strong>rude</strong></span> <span class='ocrx_word' id='word_1_36' title='bbox 2654 1539 2993 1627; x_wconf 90' lang='lat' dir='ltr'><strong>donatus,</strong></span> <span class='ocrx_word' id='word_1_37' title='bbox 3045 1564 3263 1638; x_wconf 90' lang='lat' dir='ltr'><strong>quan·</strong></span> 
     </span>
     <span class='ocr_line' id='line_1_8' title="bbox 734 1655 3203 1762; baseline 0 -31"><span class='ocrx_word' id='word_1_38' title='bbox 734 1666 888 1731; x_wconf 90' lang='lat' dir='ltr'><strong>tum</strong></span> <span class='ocrx_word' id='word_1_39' title='bbox 936 1681 1058 1762; x_wconf 88' lang='lat' dir='ltr'><strong>per</strong></span> <span class='ocrx_word' id='word_1_40' title='bbox 1099 1656 1274 1732; x_wconf 87' lang='lat' dir='ltr'><strong>vires</strong></span> <span class='ocrx_word' id='word_1_41' title='bbox 1311 1655 1584 1745; x_wconf 85' lang='lat' dir='ltr'><strong>licebit,</strong></span> <span class='ocrx_word' id='word_1_42' title='bbox 1634 1657 2048 1732; x_wconf 86' lang='lat' dir='ltr'><strong>Academiae</strong></span> <span class='ocrx_word' id='word_1_43' title='bbox 2099 1658 2399 1732; x_wconf 89' lang='lat' dir='ltr'><strong>alumnis</strong></span> <span class='ocrx_word' id='word_1_44' title='bbox 2449 1657 2771 1756; x_wconf 85' lang='lat' dir='ltr'><strong>prodesse</strong></span> <span class='ocrx_word' id='word_1_45' title='bbox 2821 1658 3203 1732; x_wconf 86' lang='lat' dir='ltr'><strong>conabitur.</strong></span> 
     </span>
     <span class='ocr_line' id='line_1_9' title="bbox 637 1775 3281 1878; baseline 0.001 -29"><span class='ocrx_word' id='word_1_46' title='bbox 637 1791 685 1849; x_wconf 85' lang='grc' dir='ltr'><strong>Ι.</strong></span> <span class='ocrx_word' id='word_1_47' title='bbox 728 1789 806 1849; x_wconf 88' lang='lat' dir='ltr'><strong>H.</strong></span> <span class='ocrx_word' id='word_1_48' title='bbox 847 1788 1268 1849; x_wconf 77' lang='lat' dir='ltr'><strong>ScHOLTEN</strong></span> <span class='ocrx_word' id='word_1_49' title='bbox 1307 1775 1722 1874; x_wconf 85' lang='lat' dir='ltr'><strong>Theologiae</strong></span> <span class='ocrx_word' id='word_1_50' title='bbox 1787 1775 2218 1876; x_wconf 83' lang='lat' dir='ltr'><strong>dogmaticae</strong></span> <span class='ocrx_word' id='word_1_51' title='bbox 2275 1787 2541 1878; x_wconf 88' lang='lat' dir='ltr'><strong>partem</strong></span> <span class='ocrx_word' id='word_1_52' title='bbox 2593 1779 2885 1876; x_wconf 88' lang='lat' dir='ltr'><strong>priorem</strong></span> <span class='ocrx_word' id='word_1_53' title='bbox 2946 1787 3281 1877; x_wconf 87' lang='lat' dir='ltr'><strong>exponet,</strong></span> 
     </span>
    </p>
   </div>
   <div class='ocr_carea' id='block_1_5' title="bbox 735 1896 3673 2466">
    <p class='ocr_par' dir='ltr' id='par_1_5' title="bbox 735 1896 3673 2466">
     <span class='ocr_line' id='line_1_10' title="bbox 735 1896 3673 1995; baseline 0.001 -25"><span class='ocrx_word' id='word_1_54' title='bbox 735 1897 912 1971; x_wconf 90' lang='lat' dir='ltr'><strong>duce</strong></span> <span class='ocrx_word' id='word_1_55' title='bbox 949 1896 1420 1995; x_wconf 78' lang='lat' dir='ltr'><strong>compendio,</strong></span> <span class='ocrx_word' id='word_1_56' title='bbox 1467 1920 1514 1970; x_wconf 88' lang='lat' dir='ltr'><strong>a</strong></span> <span class='ocrx_word' id='word_1_57' title='bbox 1555 1920 1630 1970; x_wconf 87' lang='lat' dir='ltr'><strong>se</strong></span> <span class='ocrx_word' id='word_1_58' title='bbox 1672 1896 1898 1985; x_wconf 87' lang='lat' dir='ltr'><strong>edito,</strong></span> <span class='ocrx_word' id='word_1_59' title='bbox 1949 1896 2063 1972; x_wconf 91' lang='lat' dir='ltr'><strong>die</strong></span> <span class='ocrx_word' id='word_1_60' title='bbox 2117 1897 2399 1986; x_wconf 89' lang='lat' dir='ltr'><strong>Martis,</strong></span> <span class='ocrx_word' id='word_1_61' title='bbox 2466 1955 3279 1974; x_wconf 90' lang='lat'><strong>............</strong></span> <span class='ocrx_word' id='word_1_62' title='bbox 3516 1897 3673 1987; x_wconf 90' lang='lat' dir='ltr'><strong>XI,</strong></span> 
     </span>
     <span class='ocr_line' id='line_1_11' title="bbox 1027 2015 3671 2108; baseline 0.001 -17"><span class='ocrx_word' id='word_1_63' title='bbox 1027 2015 1141 2091; x_wconf 92' lang='lat' dir='ltr'><strong>die</strong></span> <span class='ocrx_word' id='word_1_64' title='bbox 1186 2015 1416 2104; x_wconf 89' lang='lat' dir='ltr'><strong>Iovis,</strong></span> <span class='ocrx_word' id='word_1_65' title='bbox 1507 2071 2471 2095; x_wconf 90' lang='grc'><strong>..............</strong></span> <span class='ocrx_word' id='word_1_66' title='bbox 2475 2099 2484 2108; x_wconf 53' lang='grc'><em>,</em></span> <span class='ocrx_word' id='word_1_67' title='bbox 2529 2075 3277 2094; x_wconf 88' lang='grc'><strong>...........</strong></span> <span class='ocrx_word' id='word_1_68' title='bbox 3332 2017 3671 2094; x_wconf 80' lang='grc' dir='ltr'>Χ-ΧΙῙ,</span> 
     </span>
     <span class='ocr_line' id='line_1_12' title="bbox 1027 2134 3671 2224; baseline 0.001 -14"><span class='ocrx_word' id='word_1_69' title='bbox 1027 2146 1100 2210; x_wconf 88' lang='lat' dir='ltr'><strong>et</strong></span> <span class='ocrx_word' id='word_1_70' title='bbox 1151 2135 1263 2210; x_wconf 89' lang='lat' dir='ltr'><strong>die</strong></span> <span class='ocrx_word' id='word_1_71' title='bbox 1311 2134 1642 2224; x_wconf 86' lang='lat' dir='ltr'><strong>Veneris,</strong></span> <span class='ocrx_word' id='word_1_72' title='bbox 1718 2196 1734 2210; x_wconf 95' lang='lat'><strong>.</strong></span> <span class='ocrx_word' id='word_1_73' title='bbox 1804 2192 3275 2214; x_wconf 88' lang='grc'><strong>.....................</strong></span> <span class='ocrx_word' id='word_1_74' title='bbox 3578 2134 3671 2212; x_wconf 89' lang='grc' dir='ltr'><strong>Χ.</strong></span> 
     </span>
     <span class='ocr_line' id='line_1_13' title="bbox 829 2255 3286 2357; baseline 0 -26"><span class='ocrx_word' id='word_1_75' title='bbox 829 2256 1214 2332; x_wconf 86' lang='lat' dir='ltr'><strong>Historiam</strong></span> <span class='ocrx_word' id='word_1_76' title='bbox 1263 2255 1750 2354; x_wconf 86' lang='lat' dir='ltr'><strong>Philosophiae</strong></span> <span class='ocrx_word' id='word_1_77' title='bbox 1798 2257 1886 2332; x_wconf 89' lang='lat' dir='ltr'><strong>de</strong></span> <span class='ocrx_word' id='word_1_78' title='bbox 1929 2257 2122 2346; x_wconf 87' lang='lat' dir='ltr'><strong>Deo,</strong></span> <span class='ocrx_word' id='word_1_79' title='bbox 2173 2257 2515 2357; x_wconf 88' lang='lat' dir='ltr'><strong>imprimis</strong></span> <span class='ocrx_word' id='word_1_80' title='bbox 2552 2256 2991 2346; x_wconf 86' lang='lat' dir='ltr'><strong>recentioris,</strong></span> <span class='ocrx_word' id='word_1_81' title='bbox 3056 2257 3286 2332; x_wconf 88' lang='lat' dir='ltr'><strong>critice</strong></span> 
     </span>
     <span class='ocr_line' id='line_1_14' title="bbox 925 2374 3671 2466; baseline 0 -15"><span class='ocrx_word' id='word_1_82' title='bbox 925 2375 1291 2464; x_wconf 87' lang='lat' dir='ltr'><strong>tractabit,</strong></span> <span class='ocrx_word' id='word_1_83' title='bbox 1341 2374 1592 2451; x_wconf 91' lang='lat' dir='ltr'><strong>diebus</strong></span> <span class='ocrx_word' id='word_1_84' title='bbox 1641 2377 1892 2452; x_wconf 87' lang='lat' dir='ltr'><strong>Martis</strong></span> <span class='ocrx_word' id='word_1_85' title='bbox 1912 2435 1933 2466; x_wconf 92' lang='lat'><strong>,</strong></span> <span class='ocrx_word' id='word_1_86' title='bbox 1988 2377 2174 2452; x_wconf 90' lang='lat' dir='ltr'><strong>Iovis</strong></span> <span class='ocrx_word' id='word_1_87' title='bbox 2217 2385 2291 2452; x_wconf 86' lang='lat' dir='ltr'><strong>et</strong></span> <span class='ocrx_word' id='word_1_88' title='bbox 2339 2377 2629 2452; x_wconf 86' lang='lat' dir='ltr'><strong>Veneris</strong></span> <span class='ocrx_word' id='word_1_89' title='bbox 2648 2435 2669 2466; x_wconf 92' lang='lat'><strong>,</strong></span> <span class='ocrx_word' id='word_1_90' title='bbox 2750 2434 3276 2452; x_wconf 90' lang='grc'><strong>........</strong></span> <span class='ocrx_word' id='word_1_91' title='bbox 3614 2377 3671 2452; x_wconf 94' lang='grc' dir='ltr'><strong>Ι.</strong></span> 
     </span>
    </p>
   </div>
   <div class='ocr_carea' id='block_1_6' title="bbox 635 2495 3287 2715">
    <p class='ocr_par' dir='ltr' id='par_1_6' title="bbox 635 2495 3287 2715">
     <span class='ocr_line' id='line_1_15' title="bbox 635 2495 3285 2573; baseline 0 -3"><span class='ocrx_word' id='word_1_92' title='bbox 635 2513 707 2570; x_wconf 75' lang='lat' dir='ltr'><strong>A.</strong></span> <span class='ocrx_word' id='word_1_93' title='bbox 748 2509 1084 2570; x_wconf 74' lang='lat' dir='ltr'>KUENEN</span> <span class='ocrx_word' id='word_1_94' title='bbox 1123 2495 1425 2570; x_wconf 81' lang='lat' dir='ltr'><strong>criticen</strong></span> <span class='ocrx_word' id='word_1_95' title='bbox 1493 2502 1565 2570; x_wconf 92' lang='lat' dir='ltr'><strong>et</strong></span> <span class='ocrx_word' id='word_1_96' title='bbox 1607 2495 2196 2573; x_wconf 86' lang='lat' dir='ltr'><strong>Hermeneuticen</strong></span> <span class='ocrx_word' id='word_1_97' title='bbox 2259 2496 2591 2572; x_wconf 86' lang='lat' dir='ltr'><strong>librorum</strong></span> <span class='ocrx_word' id='word_1_98' title='bbox 2648 2497 2742 2573; x_wconf 92' lang='lat' dir='ltr'><strong>N.</strong></span> <span class='ocrx_word' id='word_1_99' title='bbox 2787 2496 3113 2572; x_wconf 83' lang='lat' dir='ltr'><strong>Foederis</strong></span> <span class='ocrx_word' id='word_1_100' title='bbox 3168 2521 3285 2572; x_wconf 84' lang='lat' dir='ltr'><strong>ex-</strong></span> 
     </span>
     <span class='ocr_line' id='line_1_16' title="bbox 735 2616 3287 2715; baseline -0 -24"><span class='ocrx_word' id='word_1_101' title='bbox 735 2627 983 2715; x_wconf 88' lang='lat' dir='ltr'><strong>ponet,</strong></span> <span class='ocrx_word' id='word_1_102' title='bbox 1059 2616 1446 2691; x_wconf 88' lang='lat' dir='ltr'><strong>secundum</strong></span> <span class='ocrx_word' id='word_1_103' title='bbox 1505 2616 1960 2694; x_wconf 84' lang='lat' dir='ltr'><strong>Lineamenta</strong></span> <span class='ocrx_word' id='word_1_104' title='bbox 2025 2644 2068 2694; x_wconf 89' lang='lat' dir='ltr'><strong>a</strong></span> <span class='ocrx_word' id='word_1_105' title='bbox 2131 2643 2204 2693; x_wconf 90' lang='lat' dir='ltr'><strong>se</strong></span> <span class='ocrx_word' id='word_1_106' title='bbox 2246 2617 2474 2706; x_wconf 86' lang='lat' dir='ltr'><strong>edita,</strong></span> <span class='ocrx_word' id='word_1_107' title='bbox 2525 2617 2777 2693; x_wconf 89' lang='lat' dir='ltr'><strong>diebus</strong></span> <span class='ocrx_word' id='word_1_108' title='bbox 2832 2616 3165 2692; x_wconf 88' lang='lat' dir='ltr'><strong>Mercurii</strong></span> <span class='ocrx_word' id='word_1_109' title='bbox 3216 2625 3287 2690; x_wconf 94' lang='lat' dir='ltr'><strong>et</strong></span> 
     </span>
    </p>
   </div>
   <div class='ocr_carea' id='block_1_7' title="bbox 736 2734 3673 3306">
    <p class='ocr_par' dir='ltr' id='par_1_7' title="bbox 736 2734 3673 2826">
     <span class='ocr_line' id='line_1_17' title="bbox 736 2734 3673 2826; baseline -0 -18"><span class='ocrx_word' id='word_1_110' title='bbox 736 2737 1024 2813; x_wconf 89' lang='lat' dir='ltr'><strong>Veneris</strong></span> <span class='ocrx_word' id='word_1_111' title='bbox 1046 2795 1068 2826; x_wconf 92' lang='lat'><strong>,</strong></span> <span class='ocrx_word' id='word_1_112' title='bbox 1145 2795 1160 2811; x_wconf 91' lang='lat'><strong>.</strong></span> <span class='ocrx_word' id='word_1_113' title='bbox 1225 2791 1754 2814; x_wconf 90' lang='grc'><strong>........</strong></span> <span class='ocrx_word' id='word_1_114' title='bbox 1755 2815 1760 2818; x_wconf 79' lang='grc'><strong>,</strong></span> <span class='ocrx_word' id='word_1_115' title='bbox 1807 2793 3276 2825; x_wconf 88' lang='grc'><strong>.....................</strong></span> <span class='ocrx_word' id='word_1_116' title='bbox 3523 2734 3631 2808; x_wconf 90' lang='lat' dir='ltr'><strong>XI</strong></span> <span class='ocrx_word' id='word_1_117' title='bbox 3654 2793 3673 2823; x_wconf 94' lang='lat'>‚</span> 
     </span>
    </p>

    <p class='ocr_par' dir='ltr' id='par_1_8' title="bbox 830 2855 3671 3077">
     <span class='ocr_line' id='line_1_18' title="bbox 1021 2855 3671 2944; baseline 0 -13"><span class='ocrx_word' id='word_1_118' title='bbox 1021 2865 1092 2931; x_wconf 91' lang='lat' dir='ltr'><strong>et</strong></span> <span class='ocrx_word' id='word_1_119' title='bbox 1132 2857 1248 2931; x_wconf 92' lang='lat' dir='ltr'><strong>die</strong></span> <span class='ocrx_word' id='word_1_120' title='bbox 1291 2855 1478 2930; x_wconf 82' lang='lat' dir='ltr'><strong>Iovis</strong></span> <span class='ocrx_word' id='word_1_121' title='bbox 1498 2914 1518 2944; x_wconf 91' lang='lat'><strong>,</strong></span> <span class='ocrx_word' id='word_1_122' title='bbox 1583 2913 3278 2934; x_wconf 78' lang='grc'><strong><em>.........................</em></strong></span> <span class='ocrx_word' id='word_1_123' title='bbox 3500 2855 3671 2932; x_wconf 88' lang='grc' dir='ltr'><strong>ΧΙῙ.</strong></span> 
     </span>
     <span class='ocr_line' id='line_1_19' title="bbox 830 2975 3511 3077; baseline 0 -25"><span class='ocrx_word' id='word_1_124' title='bbox 830 2977 1214 3053; x_wconf 86' lang='lat' dir='ltr'><strong>Historiam</strong></span> <span class='ocrx_word' id='word_1_125' title='bbox 1267 2975 1617 3075; x_wconf 84' lang='lat' dir='ltr'><strong>religionis</strong></span> <span class='ocrx_word' id='word_1_126' title='bbox 1669 2975 2084 3054; x_wconf 68' lang='lat' dir='ltr'><strong>Israeliticae</strong></span> <span class='ocrx_word' id='word_1_127' title='bbox 2102 3036 2124 3067; x_wconf 91' lang='lat'><strong>,</strong></span> <span class='ocrx_word' id='word_1_128' title='bbox 2184 2975 2350 3053; x_wconf 90' lang='lat' dir='ltr'><strong>inde</strong></span> <span class='ocrx_word' id='word_1_129' title='bbox 2396 2977 2488 3053; x_wconf 90' lang='lat' dir='ltr'><strong>ab</strong></span> <span class='ocrx_word' id='word_1_130' title='bbox 2537 2976 2775 3054; x_wconf 84' lang='lat' dir='ltr'><strong>exsilio</strong></span> <span class='ocrx_word' id='word_1_131' title='bbox 2820 2975 3242 3077; x_wconf 84' lang='lat' dir='ltr'><strong>Babylonico</strong></span> <span class='ocrx_word' id='word_1_132' title='bbox 3262 3036 3281 3065; x_wconf 90' lang='lat'><strong>,</strong></span> <span class='ocrx_word' id='word_1_133' title='bbox 3506 3066 3511 3071; x_wconf 32' lang='grc'>,</span> 
     </span>
    </p>

    <p class='ocr_par' dir='ltr' id='par_1_9' title="bbox 928 3096 3672 3188">
     <span class='ocr_line' id='line_1_20' title="bbox 928 3096 3672 3188; baseline 0 -17"><span class='ocrx_word' id='word_1_134' title='bbox 928 3097 1319 3185; x_wconf 85' lang='lat' dir='ltr'><strong>enarrabit,</strong></span> <span class='ocrx_word' id='word_1_135' title='bbox 1369 3097 1484 3172; x_wconf 89' lang='lat' dir='ltr'><strong>die</strong></span> <span class='ocrx_word' id='word_1_136' title='bbox 1525 3098 1807 3188; x_wconf 88' lang='lat' dir='ltr'><strong>Lunae,</strong></span> <span class='ocrx_word' id='word_1_137' title='bbox 1881 3148 3287 3175; x_wconf 89' lang='lat'><strong>....................</strong></span> <span class='ocrx_word' id='word_1_138' title='bbox 3578 3096 3672 3172; x_wconf 93' lang='lat' dir='ltr'><strong>X.</strong></span> 
     </span>
    </p>

    <p class='ocr_par' dir='ltr' id='par_1_10' title="bbox 987 3217 3673 3306">
     <span class='ocr_line' id='line_1_21' title="bbox 987 3217 3673 3306; baseline 0.001 -15"><span class='ocrx_word' id='word_1_139' title='bbox 987 3240 1004 3244; x_wconf 86' lang='lat'>·</span> <span class='ocrx_word' id='word_1_140' title='bbox 1029 3225 1102 3291; x_wconf 90' lang='lat' dir='ltr'><strong>et</strong></span> <span class='ocrx_word' id='word_1_141' title='bbox 1151 3217 1266 3291; x_wconf 86' lang='lat' dir='ltr'><strong>die</strong></span> <span class='ocrx_word' id='word_1_142' title='bbox 1313 3217 1645 3293; x_wconf 84' lang='lat' dir='ltr'><strong>Mercurii</strong></span> <span class='ocrx_word' id='word_1_143' title='bbox 1663 3266 3281 3306; x_wconf 87' lang='grc'><strong>.......................</strong></span> <span class='ocrx_word' id='word_1_144' title='bbox 3613 3218 3673 3295; x_wconf 89' lang='grc' dir='ltr'><strong>Ι.</strong></span> 
     </span>
    </p>
   </div>
   <div class='ocr_carea' id='block_1_8' title="bbox 841 3335 3669 3437">
    <p class='ocr_par' dir='ltr' id='par_1_11' title="bbox 841 3335 3669 3437">
     <span class='ocr_line' id='line_1_22' title="bbox 841 3335 3669 3437; baseline -0.002 -22"><span class='ocrx_word' id='word_1_145' title='bbox 841 3339 1062 3415; x_wconf 87' lang='lat' dir='ltr'><strong>Locos</strong></span> <span class='ocrx_word' id='word_1_146' title='bbox 1118 3338 1404 3413; x_wconf 86' lang='lat' dir='ltr'><strong>selectos</strong></span> <span class='ocrx_word' id='word_1_147' title='bbox 1456 3336 1778 3412; x_wconf 84' lang='lat' dir='ltr'><strong>historiae</strong></span> <span class='ocrx_word' id='word_1_148' title='bbox 1823 3336 2294 3413; x_wconf 77' lang='lat' dir='ltr'><strong>Israelitarum</strong></span> <span class='ocrx_word' id='word_1_149' title='bbox 2340 3335 2745 3437; x_wconf 86' lang='lat' dir='ltr'><strong>explicabit,</strong></span> <span class='ocrx_word' id='word_1_150' title='bbox 2796 3335 2911 3411; x_wconf 90' lang='lat' dir='ltr'><strong>die</strong></span> <span class='ocrx_word' id='word_1_151' title='bbox 2956 3335 3283 3424; x_wconf 86' lang='lat' dir='ltr'><strong>Veneris,</strong></span> <span class='ocrx_word' id='word_1_152' title='bbox 3498 3336 3669 3411; x_wconf 92' lang='lat' dir='ltr'><strong>XII.</strong></span> 
     </span>
    </p>
   </div>
   <div class='ocr_carea' id='block_1_9' title="bbox 833 3455 3282 3654">
    <p class='ocr_par' dir='ltr' id='par_1_12' title="bbox 833 3455 3282 3654">
     <span class='ocr_line' id='line_1_23' title="bbox 833 3455 3282 3557; baseline -0.001 -25"><span class='ocrx_word' id='word_1_153' title='bbox 833 3460 942 3533; x_wconf 91' lang='lat' dir='ltr'><strong>De</strong></span> <span class='ocrx_word' id='word_1_154' title='bbox 1001 3457 1423 3557; x_wconf 68' lang='lat' dir='ltr'><strong>&#39;theologia</strong></span> <span class='ocrx_word' id='word_1_155' title='bbox 1447 3457 1700 3533; x_wconf 82' lang='lat' dir='ltr'><strong>Murali</strong></span> <span class='ocrx_word' id='word_1_156' title='bbox 1757 3456 2100 3557; x_wconf 87' lang='lat' dir='ltr'><strong>colloquia</strong></span> <span class='ocrx_word' id='word_1_157' title='bbox 2169 3457 2525 3546; x_wconf 85' lang='lat' dir='ltr'><strong>instituet,</strong></span> <span class='ocrx_word' id='word_1_158' title='bbox 2588 3457 2757 3532; x_wconf 89' lang='lat' dir='ltr'><strong>hora</strong></span> <span class='ocrx_word' id='word_1_159' title='bbox 2809 3466 3049 3556; x_wconf 87' lang='lat' dir='ltr'><strong>postea</strong></span> <span class='ocrx_word' id='word_1_160' title='bbox 3102 3455 3282 3531; x_wconf 90' lang='lat' dir='ltr'><strong>indi·</strong></span> 
     </span>
     <span class='ocr_line' id='line_1_24' title="bbox 930 3578 1169 3654; baseline 0.014 -3"><span class='ocrx_word' id='word_1_161' title='bbox 930 3578 1169 3654; x_wconf 89' lang='lat' dir='ltr'><strong>canda.</strong></span> 
     </span>
    </p>
   </div>
   <div class='ocr_carea' id='block_1_10' title="bbox 644 3693 3669 4385">
    <p class='ocr_par' dir='ltr' id='par_1_13' title="bbox 644 3693 3668 3906">
     <span class='ocr_line' id='line_1_25' title="bbox 644 3693 3287 3799; baseline -0 -31"><span class='ocrx_word' id='word_1_162' title='bbox 644 3710 1056 3770; x_wconf 81' lang='lat' dir='ltr'><strong>1.1.PR1NS</strong></span> <span class='ocrx_word' id='word_1_163' title='bbox 1095 3698 1478 3798; x_wconf 87' lang='lat' dir='ltr'><strong>Epistolam</strong></span> <span class='ocrx_word' id='word_1_164' title='bbox 1523 3696 1728 3774; x_wconf 91' lang='lat' dir='ltr'><strong>Pauli</strong></span> <span class='ocrx_word' id='word_1_165' title='bbox 1769 3698 1859 3773; x_wconf 86' lang='lat' dir='ltr'><strong>ad</strong></span> <span class='ocrx_word' id='word_1_166' title='bbox 1905 3698 2187 3775; x_wconf 86' lang='lat' dir='ltr'><strong>Galatas</strong></span> <span class='ocrx_word' id='word_1_167' title='bbox 2229 3699 2803 3799; x_wconf 87' lang='lat' dir='ltr'><strong>interpretaturus</strong></span> <span class='ocrx_word' id='word_1_168' title='bbox 2847 3703 2988 3784; x_wconf 89' lang='lat' dir='ltr'><strong>est,</strong></span> <span class='ocrx_word' id='word_1_169' title='bbox 3038 3693 3287 3768; x_wconf 89' lang='lat' dir='ltr'><strong>diebus</strong></span> 
     </span>
     <span class='ocr_line' id='line_1_26' title="bbox 743 3812 3668 3907; baseline -0.001 -16"><span class='ocrx_word' id='word_1_170' title='bbox 743 3818 1112 3907; x_wconf 88' lang='lat' dir='ltr'><strong>Mercurii,</strong></span> <span class='ocrx_word' id='word_1_171' title='bbox 1166 3818 1350 3893; x_wconf 88' lang='lat' dir='ltr'><strong>Iovis</strong></span> <span class='ocrx_word' id='word_1_172' title='bbox 1395 3826 1466 3893; x_wconf 89' lang='lat' dir='ltr'><strong>et</strong></span> <span class='ocrx_word' id='word_1_173' title='bbox 1509 3818 1798 3893; x_wconf 89' lang='lat' dir='ltr'><strong>Veneris</strong></span> <span class='ocrx_word' id='word_1_174' title='bbox 1817 3869 3286 3906; x_wconf 88' lang='lat'><strong>.....................</strong></span> <span class='ocrx_word' id='word_1_175' title='bbox 3541 3812 3668 3887; x_wconf 94' lang='lat' dir='ltr'><strong>IX.</strong></span> 
     </span>
    </p>

    <p class='ocr_par' dir='ltr' id='par_1_14' title="bbox 836 3935 3669 4132">
     <span class='ocr_line' id='line_1_27' title="bbox 836 3935 3283 4037; baseline -0.001 -28"><span class='ocrx_word' id='word_1_176' title='bbox 836 3935 1249 4035; x_wconf 84' lang='lat' dir='ltr'><strong>Theologiae</strong></span> <span class='ocrx_word' id='word_1_177' title='bbox 1298 3937 1646 4013; x_wconf 88' lang='lat' dir='ltr'><strong>Practicae</strong></span> <span class='ocrx_word' id='word_1_178' title='bbox 1695 3948 1957 4037; x_wconf 88' lang='lat' dir='ltr'><strong>partem</strong></span> <span class='ocrx_word' id='word_1_179' title='bbox 2015 3938 2513 4025; x_wconf 89' lang='lat' dir='ltr'><strong>homileticam,</strong></span> <span class='ocrx_word' id='word_1_180' title='bbox 2564 3935 2956 4034; x_wconf 83' lang='lat' dir='ltr'><strong>liturgicam</strong></span> <span class='ocrx_word' id='word_1_181' title='bbox 3009 3942 3079 4008; x_wconf 90' lang='lat' dir='ltr'><strong>et</strong></span> <span class='ocrx_word' id='word_1_182' title='bbox 3107 3958 3283 4033; x_wconf 88' lang='lat' dir='ltr'><strong>pas·</strong></span> 
     </span>
     <span class='ocr_line' id='line_1_28' title="bbox 931 4053 3669 4145; baseline -0.002 -16"><span class='ocrx_word' id='word_1_183' title='bbox 931 4055 1216 4129; x_wconf 85' lang='lat' dir='ltr'><strong>toralem</strong></span> <span class='ocrx_word' id='word_1_184' title='bbox 1258 4056 1619 4145; x_wconf 82' lang='lat' dir='ltr'><strong>tractabit,</strong></span> <span class='ocrx_word' id='word_1_185' title='bbox 1670 4056 1918 4132; x_wconf 88' lang='lat' dir='ltr'><strong>diebus</strong></span> <span class='ocrx_word' id='word_1_186' title='bbox 1968 4058 2048 4131; x_wconf 89' lang='lat' dir='ltr'><strong>M</strong></span> <span class='ocrx_word' id='word_1_187' title='bbox 2049 4058 2218 4132; x_wconf 80' lang='lat' dir='ltr'><strong>artis</strong></span> <span class='ocrx_word' id='word_1_188' title='bbox 2257 4064 2327 4131; x_wconf 92' lang='lat' dir='ltr'><strong>et</strong></span> <span class='ocrx_word' id='word_1_189' title='bbox 2368 4055 2734 4142; x_wconf 88' lang='lat' dir='ltr'><strong>Mercurii,</strong></span> <span class='ocrx_word' id='word_1_190' title='bbox 2829 4111 3279 4129; x_wconf 93' lang='grc'><strong>.......</strong></span> <span class='ocrx_word' id='word_1_191' title='bbox 3580 4053 3669 4125; x_wconf 90' lang='grc' dir='ltr'><strong>Χ.</strong></span> 
     </span>
    </p>

    <p class='ocr_par' dir='ltr' id='par_1_15' title="bbox 833 4170 3669 4385">
     <span class='ocr_line' id='line_1_29' title="bbox 833 4170 3285 4260; baseline -0.001 -11"><span class='ocrx_word' id='word_1_192' title='bbox 833 4175 1377 4251; x_wconf 86' lang='lat' dir='ltr'><strong>Exercitationes</strong></span> <span class='ocrx_word' id='word_1_193' title='bbox 1445 4175 1894 4251; x_wconf 89' lang='lat' dir='ltr'><strong>catecheticas</strong></span> <span class='ocrx_word' id='word_1_194' title='bbox 1957 4182 2030 4250; x_wconf 90' lang='lat' dir='ltr'><strong>et</strong></span> <span class='ocrx_word' id='word_1_195' title='bbox 2092 4173 2522 4250; x_wconf 89' lang='lat' dir='ltr'><strong>homileticas</strong></span> <span class='ocrx_word' id='word_1_196' title='bbox 2590 4172 3063 4250; x_wconf 90' lang='lat' dir='ltr'><strong>moderabitur</strong></span> <span class='ocrx_word' id='word_1_197' title='bbox 3083 4230 3104 4260; x_wconf 96' lang='lat'><strong>,</strong></span> <span class='ocrx_word' id='word_1_198' title='bbox 3171 4170 3285 4246; x_wconf 91' lang='lat' dir='ltr'><strong>die</strong></span> 
     </span>
     <span class='ocr_line' id='line_1_30' title="bbox 934 4289 3669 4385; baseline -0.002 -15"><span class='ocrx_word' id='word_1_199' title='bbox 934 4295 1176 4370; x_wconf 88' lang='lat' dir='ltr'><strong>Lunae</strong></span> <span class='ocrx_word' id='word_1_200' title='bbox 1195 4354 1216 4385; x_wconf 93' lang='lat'><strong>,</strong></span> <span class='ocrx_word' id='word_1_201' title='bbox 1302 4347 3277 4373; x_wconf 88' lang='grc'><strong>............................</strong></span> <span class='ocrx_word' id='word_1_202' title='bbox 3331 4289 3438 4363; x_wconf 94' lang='lat' dir='ltr'><strong>XI</strong></span> <span class='ocrx_word' id='word_1_203' title='bbox 3472 4301 3540 4364; x_wconf 90' lang='lat' dir='ltr'><strong>et</strong></span> <span class='ocrx_word' id='word_1_204' title='bbox 3573 4292 3669 4365; x_wconf 90' lang='grc' dir='ltr'><strong>ΙΙ.</strong></span> 
     </span>
    </p>
   </div>
   <div class='ocr_carea' id='block_1_11' title="bbox 647 4410 3669 4864">
    <p class='ocr_par' dir='ltr' id='par_1_16' title="bbox 647 4410 3669 4864">
     <span class='ocr_line' id='line_1_31' title="bbox 839 4410 3285 4516; baseline -0.001 -28"><span class='ocrx_word' id='word_1_205' title='bbox 839 4415 948 4489; x_wconf 89' lang='lat' dir='ltr'><strong>De</strong></span> <span class='ocrx_word' id='word_1_206' title='bbox 1011 4415 1222 4491; x_wconf 88' lang='lat' dir='ltr'><strong>rebus</strong></span> <span class='ocrx_word' id='word_1_207' title='bbox 1271 4414 1554 4515; x_wconf 88' lang='lat' dir='ltr'><strong>practici</strong></span> <span class='ocrx_word' id='word_1_208' title='bbox 1605 4414 2046 4516; x_wconf 88' lang='lat' dir='ltr'><strong>potissimum</strong></span> <span class='ocrx_word' id='word_1_209' title='bbox 2092 4411 2487 4514; x_wconf 82' lang='lat' dir='ltr'><strong>argumenti</strong></span> <span class='ocrx_word' id='word_1_210' title='bbox 2530 4436 2694 4489; x_wconf 89' lang='lat' dir='ltr'><strong>cum</strong></span> <span class='ocrx_word' id='word_1_211' title='bbox 2746 4410 3285 4513; x_wconf 88' lang='lat' dir='ltr'><strong>provectioribus</strong></span> 
     </span>
     <span class='ocr_line' id='line_1_32' title="bbox 934 4533 2517 4636; baseline -0.001 -26"><span class='ocrx_word' id='word_1_212' title='bbox 934 4543 1140 4635; x_wconf 86' lang='lat' dir='ltr'><strong>aget,</strong></span> <span class='ocrx_word' id='word_1_213' title='bbox 1190 4536 1358 4611; x_wconf 89' lang='lat' dir='ltr'><strong>hora</strong></span> <span class='ocrx_word' id='word_1_214' title='bbox 1410 4534 1795 4636; x_wconf 87' lang='lat' dir='ltr'><strong>vespertina</strong></span> <span class='ocrx_word' id='word_1_215' title='bbox 1840 4540 2080 4634; x_wconf 87' lang='lat' dir='ltr'><strong>postea</strong></span> <span class='ocrx_word' id='word_1_216' title='bbox 2125 4533 2517 4610; x_wconf 87' lang='lat' dir='ltr'><strong>indicanda.</strong></span> 
     </span>
     <span class='ocr_line' id='line_1_33' title="bbox 647 4650 3283 4744; baseline 0 -20"><span class='ocrx_word' id='word_1_217' title='bbox 647 4664 714 4727; x_wconf 85' lang='lat' dir='ltr'><strong>L.</strong></span> <span class='ocrx_word' id='word_1_218' title='bbox 749 4667 821 4727; x_wconf 88' lang='lat' dir='ltr'><strong>G.</strong></span> <span class='ocrx_word' id='word_1_219' title='bbox 857 4667 926 4728; x_wconf 74' lang='lat' dir='ltr'><strong>a.</strong></span> <span class='ocrx_word' id='word_1_220' title='bbox 945 4666 1538 4741; x_wconf 72' lang='lat' dir='ltr'><strong>aAuwnNnorr,</strong></span> <span class='ocrx_word' id='word_1_221' title='bbox 1582 4654 1764 4732; x_wconf 85' lang='lat' dir='ltr'><strong>Prof.</strong></span> <span class='ocrx_word' id='word_1_222' title='bbox 1789 4654 2176 4744; x_wconf 66' lang='lat' dir='ltr'><strong>Exti-sord„</strong></span> <span class='ocrx_word' id='word_1_223' title='bbox 2201 4654 2585 4729; x_wconf 81' lang='lat' dir='ltr'><strong>Historiam</strong></span> <span class='ocrx_word' id='word_1_224' title='bbox 2606 4652 2928 4728; x_wconf 79' lang='lat' dir='ltr'><strong>ecclesiae</strong></span> <span class='ocrx_word' id='word_1_225' title='bbox 2952 4650 3283 4725; x_wconf 80' lang='lat' dir='ltr'><strong>Christia-</strong></span> 
     </span>
     <span class='ocr_line' id='line_1_34' title="bbox 745 4766 3669 4864; baseline -0.003 -15"><span class='ocrx_word' id='word_1_226' title='bbox 745 4800 876 4851; x_wconf 87' lang='lat' dir='ltr'><strong>nae</strong></span> <span class='ocrx_word' id='word_1_227' title='bbox 918 4773 1264 4851; x_wconf 86' lang='lat' dir='ltr'><strong>enarrabit</strong></span> <span class='ocrx_word' id='word_1_228' title='bbox 1305 4774 1554 4850; x_wconf 91' lang='lat' dir='ltr'><strong>diebus</strong></span> <span class='ocrx_word' id='word_1_229' title='bbox 1591 4776 1833 4851; x_wconf 86' lang='lat' dir='ltr'><strong>Lunae</strong></span> <span class='ocrx_word' id='word_1_230' title='bbox 1851 4832 1872 4864; x_wconf 93' lang='lat'><strong>,</strong></span> <span class='ocrx_word' id='word_1_231' title='bbox 1923 4773 2172 4849; x_wconf 90' lang='lat' dir='ltr'><strong>Martis</strong></span> <span class='ocrx_word' id='word_1_232' title='bbox 2213 4784 2288 4849; x_wconf 92' lang='lat' dir='ltr'><strong>et</strong></span> <span class='ocrx_word' id='word_1_233' title='bbox 2331 4771 2663 4849; x_wconf 89' lang='lat' dir='ltr'><strong>Mercurii</strong></span> <span class='ocrx_word' id='word_1_234' title='bbox 2687 4828 3278 4860; x_wconf 89' lang='lat'><strong>.........</strong></span> <span class='ocrx_word' id='word_1_235' title='bbox 3502 4766 3669 4840; x_wconf 91' lang='lat' dir='ltr'><strong>XII.</strong></span> 
     </span>
    </p>
   </div>
  </div>
 </body>
</html>
