4728 5991
1840 619 2402 692 ORATIO.
3515 629 3646 700 259

596 825 783 900 haud
838 827 1357 903 concedendum
1418 851 1569 903 esse
1623 834 1898 930 putant.
1995 831 2091 906 Et
2152 839 2498 930 quantum
2549 831 2658 908 his
2696 832 2906 908 etiam
2951 833 3380 933 temporibus
3427 835 3650 912 valeat

596 945 882 1020 Patrum
949 947 1321 1023 auctoritas
1399 948 1473 1024 in
1558 947 1950 1028 dirimenda
2019 952 2424 1051 quaestione
2477 952 2566 1027 de
2617 952 2884 1052 origine
2947 953 3195 1030 horum
3273 955 3606 1031 librorum
3626 1015 3649 1046 ,

600 1065 973 1166 unicuique
1035 1066 1303 1166 patebit
1368 1067 1762 1168 inspicienti
1806 1068 2349 1144 introductiones
2391 1068 2465 1143 in
2509 1069 2838 1150 Codicem
2888 1071 3174 1147 Sacrum
3196 1132 3218 1163 ,
3267 1072 3340 1146 in
3389 1075 3649 1172 quibus

600 1184 913 1259 videlicet
974 1183 1165 1259 haud
1226 1209 1381 1258 raro
1440 1184 1539 1259 ita
1595 1183 1883 1262 Pati-um
1944 1187 2151 1262 effata
2194 1187 2535 1276 citantur,
2587 1213 2668 1264 ac
2715 1190 2771 1262 si
2817 1191 3246 1267 constituant
3291 1217 3604 1270 normam
3625 1253 3648 1286 ,

604 1303 985 1380 secundum
1034 1327 1247 1401 quam
1297 1302 1427 1378 hac
1476 1303 1563 1378 de
1612 1327 1687 1378 re
1734 1303 2190 1382 iudicandum
2238 1307 2350 1382 sit.

698 1540 1033 1616 Constare
1082 1539 1337 1614 idcirco
1384 1539 1563 1614 mihi
1611 1539 1923 1630 videtur,
1974 1542 2423 1642 Theologiam
2479 1544 2948 1620 Christianam
2998 1549 3311 1626 nondum
3359 1550 3650 1628 liberam

606 1684 751 1734 esse
808 1659 899 1733 ab
956 1658 1363 1734 auctoritate
1424 1661 1715 1734 Petrum
1778 1661 2441 1739 Ecclesiasticorum.
2562 1663 2630 1738 A
2684 1689 2983 1763 quorum
3041 1669 3444 1745 auctoritate
3496 1695 3652 1746 eam

608 1804 883 1880 prorsus
933 1778 1361 1854 liberandam
1410 1803 1561 1854 esse
1581 1837 1604 1868 ,
1652 1804 1839 1856 nunc
1888 1780 2177 1878 probare
2224 1781 2546 1858 conabor.

698 1899 1267 1976 Fundamentum
1322 1897 1733 1998 Theologiae
1796 1899 2229 1976 Christianae
2294 1901 2658 1977 habendus
2729 1913 2838 1977 est
2899 1905 3049 2001 ipse
3107 1904 3462 1996 Christus,
3531 1907 3658 2006 qui

602 2019 819 2118 igitur
884 2027 1049 2094 ante
1108 2017 1345 2093 omnia
1416 2019 1740 2118 cognosci
1803 2019 2034 2095 debet.
2137 2019 2253 2094 Ad
2304 2020 2492 2096 hunc
2541 2031 2777 2098 autem
2827 2025 3385 2122 cognoscendum
3433 2027 3656 2123 primo

608 2139 751 2216 leco
810 2137 1185 2238 requiritur
1244 2146 1433 2215 recta
1478 2139 1784 2239 cognitio
1836 2162 2074 2213 eorum
2094 2197 2115 2229 ,
2164 2163 2343 2238 quae
2400 2141 2722 2216 Christus
2764 2143 3054 2241 eiusque
3096 2145 3414 2245 Apostoli
3463 2147 3656 2220 dixe·

610 2267 771 2334 runt
838 2259 949 2335 vel
1014 2256 1451 2358 scripserunt.
1572 2258 1951 2334 Evolvendi
2018 2282 2185 2357 ergo
2234 2268 2401 2334 sunt
2451 2261 2610 2334 libri
2659 2263 2842 2335 Novi
2886 2263 3347 2352 Testamenti,
3399 2265 3660 2366 quippe

610 2379 731 2478 qui
782 2377 912 2454 soli
974 2385 1343 2452 censentur
1406 2377 1497 2454 ab
1565 2377 1923 2477 Apostolis
1996 2377 2105 2451 vel
2177 2403 2422 2455 eorum
2500 2380 2954 2455 sectatoribus
3029 2383 3401 2480 conscripti
3483 2408 3656 2459 esse.

612 2496 1133 2574 Consulendum
1201 2521 1405 2596 porro
1463 2506 1570 2572 est
1638 2498 1863 2572 Vetus
1932 2496 2458 2573 Testamentum
2481 2557 2500 2586 ,
2543 2499 2732 2597 ‚quia
2778 2498 3090 2575 doctrina
3137 2500 3401 2576 Christi
3445 2511 3660 2600 atque

609 2617 1101 2716 Apostolorum
1162 2625 1353 2690 arcto
1410 2641 1571 2692 cum
1628 2617 1759 2690 hoc
1820 2615 2189 2690 coniuncta
2244 2627 2351 2692 est
2397 2619 2670 2693 vinculo
2723 2626 2795 2692 et
2844 2643 3100 2718 magna
3153 2644 3280 2718 pro
3327 2631 3522 2719 parte
3572 2645 3660 2694 ex

616 2735 740 2812 hoc
777 2737 1063 2810 demum
1094 2733 1389 2834 intelligi
1425 2742 1675 2834 potest.
1728 2734 1923 2813 Quid
1963 2735 2330 2811 continent
2369 2736 2530 2812 libri
2563 2737 2834 2812 Veteris
2871 2748 2944 2812 et
2971 2739 3154 2812 Novi
3182 2740 3660 2814 Testamenti?

616 2858 975 2938 Quaenam
1036 2857 1111 2932 in
1170 2857 1309 2932 illis
1352 2865 1718 2930 narrantur
1766 2881 1847 2932 ao
1900 2856 2237 2934 docentur
2256 2859 2291 2929 Ρ
2361 2857 2941 2956 Interpretatione
2986 2883 3166 2959 opus
3213 2867 3359 2948 est,
3409 2867 3490 2932 ut
3535 2859 3664 2934 hoc

618 2975 934 3053 sciamus.
1034 2976 1150 3053 Sic
1200 2977 1439 3051 Patres
1484 2974 1941 3075 interpretum
1990 2999 2281 3051 munere
2323 2972 2550 3049 functi
2593 2985 2778 3051 sunt.
2879 2975 3078 3051 Num
3125 3000 3282 3052 vero
3329 2976 3663 3075 interpre-

616 3096 831 3183 tatio,
900 3120 1080 3195 quae
1134 3096 1209 3171 in
1276 3119 1515 3169 eorum
1595 3094 1865 3193 scriptis
1924 3096 2259 3181 occurrit,
2327 3095 2488 3170 talis
2533 3104 2674 3186 est,
2727 3102 2810 3169 ut
2854 3096 2928 3169 in
2975 3120 3059 3171 ea
3104 3103 3258 3170 tuto
3317 3097 3666 3195 possimus

619 3217 1102 3313 acquiescere?
1182 3215 1397 3293 Quod
1456 3214 1559 3291 ita
1606 3222 1829 3303 esset,
1902 3216 1963 3288 si
2013 3213 2289 3315 probari
2340 3223 2614 3314 posset,
2663 3214 2992 3291 Patribus
3039 3216 3323 3290 omnino
3371 3217 3666 3291 auctori·

618 3341 831 3413 tatem
893 3334 1431 3411 adiudicandam
1492 3358 1645 3410 esse
1697 3335 1771 3408 in
1824 3334 2198 3434 Theologia
2251 3330 2670 3409 Christiana.
2735 3332 2912 3408 'Sed
2966 3333 3094 3409 hoc
3141 3336 3292 3410 iure
3343 3336 3706 3410 affirmari·

618 3480 1059 3555 nequaquam
1116 3461 1366 3554 potest.
1482 3454 1649 3528 Non
1697 3460 1971 3527 tantum
2022 3452 2351 3527 omnibus
2400 3452 2543 3527 fere
2591 3452 2831 3527 deerat
2883 3452 3136 3553 peritia
3187 3454 3466 3553 linguae
3517 3454 3667 3529 He-

620 3575 863 3651 braeae
932 3584 1007 3651 et
1066 3573 1557 3650 Hellenisticae
1578 3632 1597 3661 ,
1666 3572 1793 3649 sed
1836 3572 2153 3647 universe
2200 3572 2412 3647 etiam
2455 3572 2888 3671 allegoricam
2939 3580 3010 3646 et
3046 3572 3411 3670 mysticam
3455 3572 3668 3647 inter-

620 3694 937 3795 pretandi
1006 3695 1345 3770 rationem
1426 3693 1927 3791 sequebantur,
2002 3691 2317 3790 adeoque
2391 3691 2607 3766 alium
2685 3716 2724 3766 e
2791 3690 3018 3764 verbis
3095 3692 3372 3765 Codicis
3435 3691 3628 3765 Sacri
3645 3748 3668 3779 ,

622 3838 901 3891 sensum
942 3813 1278 3890 eruebant
1322 3836 1535 3912 qnam
1576 3812 1715 3912 ipsi
1760 3810 2125 3911 scriptores
2164 3810 2540 3889 voluerant.
2607 3810 2874 3885 Omnes
2917 3809 3127 3884 etiam
3173 3808 3379 3883 hodie
3417 3832 3668 3909 agnos-

624 3944 789 4011 cunt
806 3993 826 4024 ,
888 3936 1133 4011 Patres
1174 3932 1249 4007 in
1298 3932 1529 4007 Sacris
1571 3930 1947 4030 Scripturis
1982 3931 2518 4030 interpretandis
2556 3956 2600 4005 a
2640 3938 2826 4005 recta
2868 3928 2980 4003 via
3025 3928 3425 4028 saepissime
3471 3928 3668 4002 aber÷

624 4076 826 4129 rasse.
954 4054 1169 4131 Quod
1246 4075 1387 4126 non
1457 4059 1717 4126 temere
1792 4074 1907 4125 me
1974 4049 2201 4125 dicere
2218 4106 2241 4140 ,
2312 4074 2454 4125 uno
2525 4050 2823 4125 alterove
2891 4048 3211 4146 exemplo
3282 4048 3670 4125 ostendam.

623 4174 809 4248 Ante
854 4172 983 4247 hos
1036 4162 1303 4272 septem
1354 4197 1575 4247 annos
1612 4170 1931 4247 laudator
1973 4171 2259 4270 quidam
2314 4195 2472 4247 acer
2517 4171 2735 4271 patris
2783 4168 3254 4245 Orthodoxiae
3272 4225 3295 4257 ,
3345 4168 3418 4242 in
3455 4167 3675 4242 diario

627 4292 999 4381 Niedneri,
1070 4292 1297 4368 dicato
1370 4290 1785 4391 Theologiae
1846 4290 2206 4367 historicae
2224 4349 2245 4378 ,
2298 4292 2838 4391 disputationem
2899 4287 3174 4389 scripsit
3219 4312 3301 4363 eo
3349 4288 3634 4363 consilio
3652 4344 3675 4377 ,

631 4420 711 4487 ut
751 4412 1109 4513 patefieret
1164 4435 1381 4511 quam
1422 4412 1673 4487 eximie
1718 4432 2178 4486 Arnanasms
2229 4410 2347 4485 ille
2391 4410 2645 4511 dogma
2667 4469 2686 4500 ,
2738 4409 2872 4485 Dei
2915 4410 3176 4483 Filium
3217 4432 3370 4483 esse
3403 4408 3676 4502 ὁμοού·

632 4557 807 4611 acme
864 4540 971 4631 τῷ
1022 4536 1269 4632 πατρί
1316 4556 1443 4607 con
1452 4540 1557 4607 tm
1608 4530 1903 4605 Arianos
1957 4528 2361 4604 defenderit.
2467 4530 2846 4604 Confessus
2895 4535 3004 4603 est
3051 4528 3475 4625 exegeticam
3521 4550 3678 4625 par·

632 4657 771 4727 tem
814 4651 1447 4751 argumentationis
1490 4674 1896 4725 amanen
1942 4649 2233 4725 minoris
2264 4672 2416 4725 esse
2461 4649 2839 4739 momenti,
2891 4648 3058 4746 quia
3091 4647 3366 4744 saepius
3407 4653 3682 4720 textum

632 4769 906 4846 Codicis
972 4770 1162 4857 Sacri
1225 4795 1364 4846 non
1435 4771 1687 4847 sumsit
1745 4769 1852 4846 uti
1911 4792 2143 4845 revera
2202 4776 2310 4843 est
2328 4824 2349 4859 ,
2405 4767 2528 4844 sed
2577 4768 2682 4860 ei,
2729 4768 2824 4845 ob
2867 4766 3172 4844 rationes
3211 4765 3640 4927 dogmaticas
3658 4819 3680 4853 ‚

3186 4883 3280 4955 33
