4728 5991
1097 572 1182 637 46
2177 574 2256 641 G.
2327 573 2408 642 G.
2482 574 3062 641 PLUYGERS

1099 781 1410 857 nondum
1479 782 1786 856 confecta
1855 783 2108 869 iacere,
2181 781 2304 857 sed
2351 783 2574 857 vivere
2618 781 2845 857 adhuc
2900 791 3111 880 atque
3163 779 3347 856 felici
3396 782 3863 882 complurium
3910 782 4141 858 labore
4194 759 4217 783 ⁸

1098 900 1369 975 exculta
1427 902 1675 1000 vigere.
1780 904 2145 979 Quantum
2212 901 2283 976 in
2346 902 2474 977 hac
2525 903 2859 977 brevitate
2904 900 3233 977 orationis
3278 923 3659 1000 consequar
3703 901 3887 991 Vos,
3941 903 4140 995 AA.‚

1094 1020 1514 1096 iudicabitis
3538 1052 3545 1060 ’

1193 1142 1296 1215 Ea
1365 1151 1599 1216 autem
1668 1141 1902 1215 studia
1967 1166 2052 1215 ex
2106 1141 2541 1241 intelligendi
2612 1149 2921 1216 veterum
2989 1140 3373 1215 litterarum
3434 1140 3785 1215 voluntate
3841 1140 4147 1239 profecta

1093 1272 1348 1337 rectam
1403 1261 1952 1336 aestimationem
2009 1261 2251 1336 afferre
2301 1272 2373 1335 et
2424 1286 2664 1336 sanam
2722 1260 3250 1335 admirationem
3306 1260 3455 1335 eius
3506 1260 3695 1359 quod
3740 1260 3813 1334 in
3864 1284 4145 1359 quoque

1090 1382 1471 1457 litterarum
1532 1406 1783 1480 genere
1831 1382 2128 1457 excellat
2181 1406 2391 1482 supra
2444 1382 2831 1481 posuimus.
2934 1381 3122 1479 Ergo
3176 1380 3799 1455 demonstrandum
3844 1380 3977 1455 erit
4018 1405 4145 1455 nos

1091 1512 1399 1577 veterum
1468 1503 1723 1601 scripta
1792 1512 1863 1575 et
1929 1502 2178 1575 melius
2227 1502 2612 1601 intelligere
2660 1525 2872 1600 quam
2918 1500 3303 1600 superiores
3354 1509 3424 1575 et
3472 1502 3729 1575 rectius
3782 1502 4145 1575 aestimare

1087 1632 1301 1719 atque
1347 1646 1508 1695 cum
1552 1621 1980 1720 prudentiori
2031 1620 2306 1696 delectu
2353 1621 2701 1697 admirari.
2806 1622 3010 1699 Quae
3064 1619 3605 1710 demonstratio,
3658 1644 3745 1695 ne
3795 1627 3941 1695 tota
3977 1619 4145 1695 haee

1089 1740 1497 1840 disceptatio
1567 1742 1830 1817 insulsa
1902 1751 2114 1840 atque
2186 1742 2425 1841 inepta
2494 1741 2850 1827 videatur,
2922 1741 3021 1814 ita
3071 1740 3203 1814 erit
3258 1740 3726 1829 instituenda,
3802 1748 3883 1815 ut
3934 1762 4141 1814 cunc-

1086 1869 1318 1935 torum
1383 1861 1782 1938 facultatem
1846 1862 1970 1961 qui
2029 1886 2214 1937 nunc
2284 1862 2532 1936 litteris
2599 1884 2880 1960 operam
2944 1860 3115 1933 dant
3164 1868 3235 1933 et
3290 1859 3411 1958 qui
3463 1860 3628 1935 olim
3682 1859 4027 1935 dederunt
4068 1858 4140 1933 in

1089 1981 1599 2056 contentionem
1666 2007 1990 2057 vocemus
2017 2040 2037 2069 ,
2103 2007 2240 2057 non
2319 1989 2399 2056 ut
2450 1980 2886 2080 singulorum
2936 1980 3401 2079 quorumdam
3448 1979 3927 2055 excellentiam
3971 2002 4143 2078 pon-

1089 2102 1410 2176 deremus
1457 2113 1528 2175 et
1578 2102 2078 2177 examinemus,

1181 2222 1274 2295 Et
1321 2222 1624 2320 primum
1671 2221 1945 2320 ecquod
1992 2221 2248 2297 certius
2297 2227 2405 2294 est
2451 2228 2944 2319 argumentum
2995 2219 3244 2295 melius
3288 2217 3493 2293 hodie
3537 2228 3849 2293 veterum
3888 2218 4145 2317 scripta

1085 2339 1419 2440 intelligi,
1494 2365 1706 2438 quam
1779 2341 1973 2440 ‘quod
2045 2341 2268 2416 multo
2335 2364 2523 2415 nunc
2586 2339 3057 2416 emendatiora
3124 2340 3453 2439 leguntur
3475 2340 3515 2413 ‚7
3602 2338 3816 2418 Quod
3887 2338 4145 2436 partim

1087 2485 1328 2535 eorum
1397 2461 1738 2536 industria
1808 2461 2074 2551 effecit,
2152 2462 2274 2561 qui
2345 2468 2581 2537 nostra
2646 2459 2978 2535 memoria
3008 2466 3305 2533 'veteres
3372 2459 3813 2535 membranas
3885 2482 4149 2558 magna

1079 2606 1240 2655 cum
1317 2581 1678 2682 diligentia
1754 2582 1988 2657 denuo
2061 2582 2618 2681 investigarunt3
2692 2604 2904 2680 quem
2978 2579 3285 2655 laborem
3308 2636 3329 2667 ,
3404 2602 3609 2678 saepe
3678 2578 4148 2655 iniucundum

1077 2726 1349 2801 semper
1414 2727 1733 2801 gravem,
1802 2726 2010 2776 nemo
2073 2701 2387 2800 profecto
2452 2701 2795 2799 suscepit,
2872 2699 3011 2774 nisi
3069 2698 3194 2798 qui
3246 2700 3747 2799 perspexisset,
3795 2706 4146 2799 quantum

1082 2821 1219 2895 sibi
1285 2819 1517 2895 adhuc
1587 2822 1678 2895 ad
1741 2828 2134 2895 accuratam
2197 2829 2512 2895 veterum
2576 2826 3187 2896 monumentorum
3246 2818 3777 2919 intelligentiam
3833 2819 4149 2895 obstaret

1079 2940 1340 3014 incerta
1399 2963 1641 3014 eorum
1703 2950 1774 3014 et
1821 2962 1958 3014 non
2009 2938 2176 3014 satis
2227 2938 2583 3038 explorata
2630 2937 2704 3012 in
2750 2936 2945 3013 libris
2991 2937 3114 3038 qui
3158 2948 3599 3039 superessent
3642 2940 3944 3017 traditio.
4022 2940 4146 3017 In-

1078 3059 1439 3158 telligendi
1515 3067 1750 3136 autem
1825 3059 2242 3159 principium
2325 3066 2479 3151 est,
2549 3061 2985 3160 perspexisse
3066 3082 3207 3136 non
3276 3060 3661 3163 intelligere
3722 3061 3927 3163 'quod
4000 3086 4148 3139 non

1085 3178 1454 3278 intelligas,

1179 3299 1299 3374 Ad
1353 3299 1540 3374 hunc
1583 3311 1892 3372 veterum
1947 3298 2281 3374 librorum
2329 3299 2818 3399 perscrutandi
2851 3299 3157 3376 laborem
3208 3325 3320 3377 ars
3356 3301 3777 3378 emendandi
3818 3303 4148 3393 accessit,

1083 3445 1125 3496 a
1183 3421 1406 3494 multo
1455 3419 1772 3518 pluribus
1834 3419 2038 3494 hodie
2094 3445 2304 3518 quam
2355 3428 2563 3494 antea
2621 3418 2956 3496 factitata.
3059 3423 3146 3497 In
3199 3446 3343 3522 qua
3391 3431 4149 3524 quamquam-propter

1078 3541 1178 3614 rei
1244 3539 1717 3615 difficultatem
1784 3565 1920 3613 non
1988 3539 2195 3613 multi
2245 3541 2627 3616 admodum
2680 3565 2843 3616 cum
2894 3541 3155 3642 insigni
3206 3566 3531 3618 successu
3574 3541 4145 3632 elaboraverunt,

1077 3669 1311 3736 tamen
1377 3660 1450 3733 in
1519 3659 1844 3734 omnibus
1915 3660 2459 3758 praedicandum
2524 3670 2629 3736 est
2689 3686 2856 3737 cum
2918 3686 3073 3738 acre
3134 3661 3567 3762 intelligendi
3618 3663 3931 3738 studium
3986 3669 4149 3738 tum

1080 3804 1239 3854 vero
1301 3787 1624 3854 strenuus
1686 3780 1878 3858 labor
1941 3788 2012 3852 et
2061 3779 2409 3856 indefessa
2466 3781 2832 3856 industria.
2934 3783 3165 3858 Nemo
3218 3783 3403 3857 enim
3454 3782 3763 3882 profecto
3814 3783 4147 3859 traditam

1082 3899 1442 3974 lectionem
1493 3901 1860 3974 emendare
1906 3900 2309 3990 conabitur,
2361 3900 2497 3975 nisi
2542 3901 2673 4000 qui
2706 3909 2833 3976 aut
2868 3901 3059 4000 quod
3095 3903 3361 3978 dictum
3398 3926 3551 3978 esse
3589 3901 3861 3977 videtur
3888 3903 4149 3978 sentiat

1086 4043 1236 4093 sese
1311 4044 1448 4093 non
1511 4021 1937 4119 intelligere,
2009 4028 2134 4096 aut
2202 4020 2394 4120 quod
2462 4019 2729 4096 dictum
2801 4028 2910 4095 est
2972 4020 3063 4096 ab
3128 4047 3211 4097 eo
3270 4047 3409 4098 non
3474 4021 3572 4096 ita
3642 4020 3780 4096 dici
3829 4022 4148 4122 potuisse

1085 4138 1438 4213 existimet
1504 4165 1546 4213 a
1613 4165 1752 4238 quo
1821 4139 2084 4215 dictum
2159 4165 2309 4215 esse
2380 4140 2661 4217 feratur.
2764 4140 2962 4220 Quid
3038 4149 3273 4216 autem
3344 4167 3389 4217 a
3458 4165 3737 4240 quoque
3810 4142 4146 4242 scriptore

1087 4257 1414 4356 quopiam
1483 4260 1692 4334 modo
1753 4259 1890 4334 dici
1945 4261 2250 4358 potuerit
2307 4270 2432 4335 aut
2487 4285 2629 4336 non
2682 4261 2989 4362 potuerit
3038 4284 3447 4361 cognoscere
3497 4261 3685 4364 longi
3732 4260 3987 4336 laboris
4036 4270 4149 4338 est

1089 4377 1488 4475 multaeque
1559 4380 1888 4455 lectionis.
1993 4381 2242 4478 Neque
2310 4403 2469 4455 vero
2537 4380 2729 4455 aliud
2802 4390 2910 4455 est
2982 4380 3263 4457 assidua
3343 4391 3649 4458 veterum
3724 4381 4145 4481 scriptorum

1087 4496 1289 4570 lectio
1332 4505 1403 4569 et
1459 4497 1823 4575 vehemens
1873 4500 1988 4576 illa
2040 4499 2130 4575 ad
2178 4524 2294 4574 eos
2351 4500 2695 4600 applicata
2750 4501 2968 4575 animi
3008 4501 3411 4601 occupatio,
3460 4501 3532 4576 in
3574 4525 3714 4601 qua
3753 4501 4143 4578 litterarum

1085 4616 1398 4690 studium
1448 4618 1817 4693 consistere
1869 4619 2202 4696 volebam.

1183 4736 1260 4809 Si
1321 4735 1537 4834 igitur
1605 4748 1994 4815 nostrorum
2062 4740 2426 4832 hominum
2496 4739 2779 4842 ingenio
2847 4749 3059 4841 atque
3130 4741 3365 4818 labore
3441 4740 3767 4818 effectum
3840 4748 3989 4831 est,
4068 4749 4153 4816 ut
