4728 5991
1138 602 1272 668 314
2027 634 2038 643 ·
2128 602 2703 667 DOCTORES
2771 600 3199 668 CREATL

1141 812 1210 888 d.
1263 816 1358 887 29
1408 809 1619 884 Iunii.
1725 834 1783 883 ιν.
1829 834 1878 883 1.
1929 832 2076 882 vm
2127 830 2222 882 nn
2271 832 2600 898 onufr,
2648 808 3205 897 Indo-Batavus,
3256 810 3581 908 privatim
3630 807 3935 883 defensis
3984 833 4193 907 quae-

1415 930 1758 1004 stionibus
1803 928 1976 1002 iuris
2026 928 2557 1026 inauguralibus
2581 983 2604 1021 ,
2654 930 2798 1004 Iur.
2848 930 3055 1003 Rom.
3107 938 3179 1003 et
3227 927 3417 1003 Hod.
3470 929 3676 1004 Doct.

1141 1048 1212 1127 d.
1311 1056 1360 1123 4
1407 1050 1595 1124 Iulii.
1699 1070 2182 1121 cnmsnfflus
2241 1072 2601 1121 usurum
2656 1072 2987 1136 nusum,
3048 1046 3629 1136 Winschotanus,
3696 1047 4023 1147 privatim
4074 1046 4189 1122 de·

1403 1168 1618 1243 sensis
1692 1166 2217 1268 quaestionibus
2294 1169 2463 1242 iuris
2524 1168 3090 1267 inauguralibus,
3139 1170 3283 1244 Iur.
3336 1168 3543 1243 Rom.
3590 1176 3663 1241 et
3710 1166 3902 1243 Hod.
3948 1168 4187 1255 Doct„

1410 1314 1552 1363 cum
1603 1290 1826 1363 laude.

1295 1531 1484 1602 1862
2079 1432 2186 1504 IN
2235 1430 2805 1504 FACULTATE
2854 1430 3260 1505 MEDICA.

1141 1648 1210 1722 d.
1267 1652 1358 1721 16
1412 1647 1567 1721 Oct.
1671 1670 1888 1722 umus
1953 1670 2048 1721 nn
2115 1670 2371 1736 vmns,
2444 1648 2637 1722 Med.
2688 1648 2939 1737 Doct.,
3006 1648 3328 1746 privatim
3378 1647 3681 1723 defensis
3728 1645 4045 1722 thesibus
4086 1670 4187 1721 ar·

1409 1766 1732 1866 gumenti
1779 1766 2195 1855 obstetricii,
2245 1770 2397 1841 Art.
2453 1768 2659 1843 Obst.
2714 1768 2959 1857 Doct.,
3012 1794 3257 1869 maqna
3307 1794 3449 1843 cum
3499 1770 3722 1842 laude.

1143 1883 1211 1961 d.
1266 1889 1362 1960 24
1410 1886 1590 1961 Nov.
1657 1908 1877 1961 unus
1927 1908 2182 1962 somus
2229 1910 2571 1975 nunnus,
2624 1889 3151 1987 Groningunus,
3198 1888 3394 1963 Med.
3427 1893 3501 1962 et
3528 1888 3682 1962 Art.
3714 1886 3920 1961 Obst.
3952 1886 4189 1974 Doct„

1407 2004 1726 2104 privatim
1751 2004 2050 2080 defensis
2075 2006 2390 2081 thesibus
2417 2008 2815 2107 argumenti
2840 2008 3247 2106 chirurgici,
3296 2006 3488 2082 Chir.
3514 2007 3717 2082 Doct.
3741 2065 3762 2094 ,
3803 2032 3949 2080 cum
3972 2007 4187 2081 laude.

1290 2126 1502 2198 1863.

1141 2243 1209 2318 d.
1267 2246 1360 2315 14
1405 2238 1608 2315 Febr.
1699 2264 2056 2317 arcemus
2125 2268 2529 2334 nnonwnn,
2598 2270 2683 2320 ex
2734 2270 2915 2346 pago
2972 2246 3282 2345 Bergum
3332 2245 3640 2333 Frisius,
3704 2245 3899 2320 Med.
3948 2246 4188 2333 Doct.,

1409 2360 1730 2459 privatim
1800 2362 2101 2436 defensis
2173 2360 2489 2439 thesibus
2564 2366 2959 2465 argumenti
3018 2365 3438 2453 obstetricii,
3488 2366 3641 2438 Art.
3690 2364 3895 2439 Obst.
3951 2364 4187 2453 Dect..

1407 2508 1652 2579 mayna
1702 2507 1843 2554 cum
1893 2484 2116 2557 laude.

1139 2598 1208 2675 d.
1263 2600 1358 2675 26
1409 2601 1618 2674 Mart.
1709 2622 2080 2677 rommms
2153 2628 2591 2681 ‘rnnononcs
2644 2628 3013 2693 somnam,
3080 2603 3615 2702 Groningsnus‚
3664 2602 3859 2676 Med.
3908 2610 3983 2677 et
4035 2602 4184 2677 Art.

1405 2719 1608 2793 Obst.
1674 2719 1877 2795 Doct.
1901 2779 1922 2809 ,
1989 2722 2311 2821 privatim
2361 2723 2664 2798 defensis
2716 2724 3031 2798 thesibus
3082 2723 3477 2824 argumenti
3524 2722 3933 2821 chirurgici,
4000 2722 4185 2797 Chir.

1403 2839 1606 2913 Doct.
1631 2898 1652 2927 ,
1703 2866 1947 2938 mayna
1994 2868 2138 2915 cum
2186 2843 2413 2919 laude.

1137 2957 1206 3034 d.
1261 2958 1354 3034 28
1407 2958 1616 3036 Mart.
1691 2982 1907 3036 unns
1955 2982 2052 3035 nr.
2101 2984 2361 3052 vuius,
2426 2962 2620 3038 Med.
2668 2972 2739 3037 et
2786 2962 2938 3038 Art.
2974 2960 3178 3037 Obst.
3224 2962 3471 3051 Dect„
3520 2960 3839 3060 privatim
3887 2958 4187 3035 defensis

1407 3079 1723 3154 thesibus
1774 3083 2166 3180 argumenti
2215 3083 2626 3183 chirurgici,
2678 3084 2870 3159 Chir.
2918 3085 3123 3157 Doct.
3149 3141 3169 3170 ,
3222 3107 3465 3181 mayna
3514 3107 3657 3156 cum
3704 3081 3927 3154 lande.

1137 3199 1207 3272 d.
1263 3200 1356 3272 16
1406 3199 1602 3273 Maii.
1678 3224 1738 3274 s.
1791 3223 2182 3274 smmum
2235 3226 2524 3291 swAnw,
2578 3202 2767 3278 Med.
2804 3205 3005 3278 Doct.
3038 3203 3113 3276 in
3160 3227 3341 3300 pago
3390 3201 3997 3289 Murmerwoude,
4045 3199 4181 3297 pri-

1405 3317 1616 3391 vatim
1685 3317 1986 3393 defensis
2058 3319 2376 3395 thesibus
2458 3323 2851 3422 argumenti
2920 3321 3337 3410 obstetricii,
3428 3323 3581 3396 Art.
3656 3320 3863 3395 Obst.
3939 3321 4143 3394 Dect.
4166 3375 4187 3406 ‚

1401 3463 1647 3537 maqna
1697 3465 1838 3513 cum
1888 3442 2110 3514 laude.

1073 3545 1078 3550 ’
1140 3555 1210 3630 (1.
1265 3559 1354 3630 21
1411 3557 1604 3634 Maii.
1681 3581 1894 3632 num
1925 3581 2284 3634 sunnon
2325 3561 2561 3648 n.fi1.,
2612 3560 3142 3660 Groninganus‚
3194 3558 3387 3632 Med.
3414 3565 3487 3631 et
3514 3559 3667 3631 Art.
3694 3556 3898 3632 Obst.
3946 3555 4186 3644 Doct.‚

1405 3677 1728 3776 privatim
1791 3678 2091 3753 defensis
2157 3679 2475 3754 thesibus
2519 3679 2913 3778 argumenti
2958 3677 3363 3776 chirurgici,
3414 3675 3606 3751 Chir.
3660 3677 3897 3763 Doct„
3946 3701 4191 3774 mafflm

1406 3823 1548 3872 cum
1596 3800 1818 3873 laude.

1137 3914 1212 3990 (1.
1264 3920 1359 3991 22
1407 3917 1620 3993 Iunii.
1691 3941 1910 3993 rmus
1959 3941 2198 3993 rorxo
2243 3941 2610 4006 nonnius,
2660 3943 2746 3992 ex
2796 3943 2977 4018 pago
3020 3919 3259 3994 Haren
3284 3916 3813 4016 Groninganus,
3862 3914 4185 4015 privatim

1404 4034 1686 4108 defensa
1729 4034 2208 4109 dissertatione
2251 4035 2494 4132 lingua
2536 4035 2900 4109 vernacula
2942 4037 3362 4134 conscripta,
3404 4037 3521 4112 cui
3542 4037 3824 4110 titulus:
3882 4039 4064 4109 Over
4102 4035 4185 4108 de

1409 4151 2007 4252 Pepsinevorminq
2027 4212 2048 4241 ,
2107 4153 2299 4229 Med.
2353 4153 2555 4228 Doct.
2582 4213 2601 4244 ,
2656 4181 2899 4254 mayna
2947 4180 3090 4229 cum
3139 4157 3363 4231 laude.

1144 4268 1213 4342 d.
1267 4271 1360 4343 25
1411 4270 1624 4346 Iunii.
1705 4295 1889 4345 nno
1945 4297 2395 4348 colmanus
2444 4297 2835 4364 nmmum,
2900 4299 2987 4350 ex
3028 4300 3207 4375 pago
3248 4274 3633 4350 Scheemda
3664 4273 4190 4371 Groninganus,

1407 4389 1730 4488 privatim
1771 4391 2052 4466 defensa
2094 4392 2574 4466 dissertatione
2614 4393 2837 4492 patrio
2886 4417 3199 4467 sermone
3244 4393 3667 4490 conscripta,
3726 4391 3843 4466 cui
3905 4389 4185 4466 tutilus:

1423 4512 1602 4584 Over
1655 4511 1955 4586 Henocie
1979 4513 2291 4606 funiculi
2351 4513 2805 4602 Umbilicalis,
2868 4513 3061 4588 Med.
3112 4514 3316 4587 Doct.

1146 4627 1213 4704 d.
1267 4632 1360 4704 25
1413 4630 1622 4707 Iunii.
1689 4653 1966 4706 narnus
2015 4655 2166 4706 ποι(
2219 4655 2687 4720 Anxnnsmw,
2738 4658 2823 4706 ex
2878 4657 3058 4732 pago
3103 4633 3499 4732 Apeldoorn
3532 4631 3818 4720 Gelrus,
3868 4627 4191 4728 privatim

1408 4747 1690 4824 defensa
1737 4749 2110 4848 specimine
2151 4749 2377 4847 patrio
2426 4773 2740 4824 sermone
2784 4752 3170 4848 conscripto
3187 4803 3211 4844 ,
3258 4754 3375 4828 cui
3400 4752 3685 4826 titulus:
3728 4751 4073 4848 Bie'draqe
4094 4753 4195 4821 tot
