4728 5991
1854 615 2416 688 ORATIO.
3515 621 3720 690 26⁷·

604 833 953 923 quatenus
1006 849 1089 900 ea
1132 823 1280 924 ipse
1326 822 1589 898 invenit
1606 881 1627 912 ,
1694 825 1865 926 legit
1909 825 2017 902 vel
2059 823 2366 914 audivit,
2417 825 2542 902 sed
2583 824 2736 925 ipsa
2777 826 2948 902 haec
2993 851 3198 928 saepe
3243 827 3456 904 fidem
3499 853 3640 904 non

604 951 957 1018 merentur
994 953 1069 1018 et
1108 943 1393 1019 omnino
1430 953 1789 1020 accuratae
1832 945 2359 1044 investigatione
2400 945 2830 1022 subiicienda
2875 955 3062 1024 sunt.

700 1063 809 1140 De
855 1062 943 1138 iis
961 1120 983 1152 ,
1046 1088 1227 1162 quae
1272 1062 1471 1139 initio
1510 1065 1839 1140 orationis
1886 1065 2067 1154 dixi,
2133 1064 2307 1140 nihil
2364 1071 2740 1142 retractum
2796 1068 2968 1144 volo.
3069 1069 3302 1168 Opera
3349 1069 3638 1145 Petrum

604 1181 969 1282 Theologis
1014 1183 1337 1283 perutilia
1380 1191 1545 1258 sunt
1561 1240 1583 1272 ,
1645 1184 2055 1284 dignissima
2072 1243 2093 1274 ‚
2158 1209 2338 1284 quae
2388 1184 2754 1286 diligenter
2802 1187 3143 1286 legantur.
3248 1189 3642 1263 Auctoritas

603 1310 839 1378 autem
901 1303 1227 1379 Patribus
1282 1304 1357 1378 in
1414 1303 1797 1405 'l'heologia
1864 1304 2257 1382 Christiana
2321 1305 2512 1380 nulla
2567 1305 2936 1382 tribuenda
3001 1318 3142 1396 est,
3209 1307 3375 1382 haec
3430 1307 3648 1407 igitur

606 1447 883 1521 prorsus
927 1423 1019 1499 ab
1068 1424 1186 1501 illa
1234 1424 1623 1500 liberanda!

701 1657 1031 1735 Officium
1084 1661 1257 1736 mihi
1320 1661 1665 1736 incumbit
1733 1660 2027 1736 breviter
2088 1662 2484 1752 enarrandi,
2537 1689 2718 1762 quae
2764 1690 2877 1740 me
2925 1675 3185 1740 rectore
3233 1666 3649 1742 Academiae

606 1777 747 1855 fata
817 1778 1096 1856 fuerint.

700 1897 1077 1974 Laetamur
1094 1957 1113 1988 ,
1180 1925 1263 1974 ex
1322 1901 1751 2001 amplissimo
1810 1900 2225 1976 Curatorum
2293 1903 2582 2002 collegio
2647 1905 2996 1980 neminem
3055 1916 3276 1981 morte
3323 1931 3472 1980 esse
3525 1905 3650 1982 ab·

608 2028 901 2118 reptum.
1004 2020 1473 2096 Mutationem
1536 2031 1769 2096 tamen
1825 2021 2127 2120 aliquam
2184 2021 2402 2096 subiit
2457 2023 2584 2098 hoc
2628 2024 2996 2123 collegium
3016 2083 3036 2114 ,
3085 2025 3652 2125 quandoquidem

609 2137 789 2236 Regi
832 2138 1352 2238 Angustissimo
1403 2140 1703 2239 placuit,
1757 2140 1981 2214 virum
2022 2141 2510 2239 gravissimum
2549 2151 2931 2219 mmmmm
2957 2169 3176 2235 anor,
3229 2145 3438 2221 huius
3464 2145 3656 2220 urbis

608 2257 957 2334 consulem
1000 2267 1073 2332 et
1112 2283 1253 2358 qua
1294 2259 1499 2335 talem
1544 2261 1961 2336 Academiae
1993 2261 2435 2351 Curatorem‚
2487 2261 2856 2338 honorifice
2895 2263 3246 2340 dimittere
3285 2272 3358 2340 et
3395 2265 3471 2340 in
3504 2265 3655 2341 eius

612 2378 827 2454 locum
879 2377 1299 2456 substituere
1350 2379 1571 2456 virum
1616 2381 2208 2456 consultissimum
2256 2403 2727 2458 eumanum
2771 2405 2868 2458 mr
2915 2407 3190 2460 sumna.
3252 2384 3654 2460 Iucundum

611 2499 807 2574 nobis
870 2498 1197 2576 accidisse
1218 2559 1239 2589 ‚
1310 2524 1567 2577 munus
1628 2501 1806 2576 illud
1870 2525 2079 2600 grave
2134 2510 2207 2574 et
2270 2499 2716 2600 splendidum
2774 2501 2907 2576 tibi
2970 2503 3279 2578 delatum
3321 2528 3511 2592 esse,
3579 2511 3654 2580 et

612 2619 717 2694 his
756 2619 1201 2695 sollemnibus
1250 2620 1503 2696 iterum
1550 2621 1887 2696 affirmare
1934 2620 2107 2694 mihi
2152 2620 2390 2709 liceat,
2447 2624 2550 2694 vir
2591 2622 3015 2720 amplissime
3034 2681 3055 2712 ,
3105 2647 3316 2721 quem
3359 2623 3485 2698 diu
3535 2623 3647 2698 lit·

614 2759 907 2814 terarum
974 2741 1423 2838 cognovimus
1494 2749 1865 2817 amantem.
1986 2739 2327 2816 Ardorem
2405 2739 2616 2816 etiam
2691 2741 3044 2830 novimus,
3125 2767 3268 2840 quo
3336 2741 3649 2842 singula,

614 2884 786 2957 quae
852 2860 982 2935 tibi
1044 2859 1467 2936 mandantur
1486 2917 1507 2950 ,
1578 2861 1976 2960 aggrederis
1994 2918 2016 2948 ,
2086 2860 2567 2961 prudentiam,
2637 2885 2780 2960 qua
2841 2859 2916 2934 in
2989 2861 3261 2960 agendo
3327 2863 3650 2952 versaris,

575 2980 1061 3059 ‚constantiam
1082 3038 1103 3069 ‚
1174 3006 1315 3080 qua
1384 2981 1617 3059 omnia
1684 2981 1775 3057 ad
1850 2982 2058 3056 finem
2132 2979 2476 3081 perducis.
2599 2981 2928 3059 Fidenter
2989 2989 3504 3083 exspectamus,
3578 2992 3650 3058 te

614 3100 817 3175 huius
858 3100 1077 3200 ipsius
1126 3102 1543 3177 Academiae
1562 3160 1585 3189 ,
1630 3101 1831 3177 cuius
1870 3100 2007 3177 iam
2048 3111 2322 3177 curator
2364 3126 2477 3192 es,
2525 3102 2888 3179 alumnum
2907 3159 2928 3192 ,
2979 3126 3120 3179 una
3163 3126 3328 3179 cum
3369 3100 3652 3203 collegis

614 3220 1049 3320 amplissimis
1102 3222 1309 3297 saluti
1376 3232 1447 3298 et
1508 3221 1767 3321 gloriae
1834 3222 2053 3297 almae
2120 3232 2394 3297 nostrae
2467 3223 2707 3299 matris
2761 3222 3088 3299 inservire
3147 3223 3338 3299 velle.
3449 3223 3654 3299 Faxit

614 3340 837 3429 Deus,
888 3352 967 3414 ut
1016 3341 1141 3416 diu
1186 3343 1345 3417 huic
1398 3344 1555 3417 urbi
1592 3342 1849 3442 praesis
1892 3352 1961 3417 et
2002 3342 2419 3419 Academiae
2461 3368 2700 3420 curam
2745 3344 2982 3444 geras!

580 3660 589 3669 ,
706 3578 793 3653 In
859 3581 1320 3679 professorum
1396 3582 1637 3657 ordine
1708 3583 1885 3657 duos
1958 3584 2433 3659 desideramus
2497 3585 2676 3659 viros
2741 3582 3192 3672 clarissimos,
3263 3602 3649 3657 flmmeum

616 3716 959 3777 manners
1026 3712 1097 3777 et
1164 3724 1633 3779 rnnnnmcuu
1696 3726 2204 3779 caussa-rmum
2264 3727 2361 3780 nn·
2423 3726 2754 3793 canova,
2811 3727 3105 3803 quorum
3163 3709 3453 3799 uterque
3505 3698 3649 3774 iam

612 3818 781 3893 rude
844 3819 1143 3897 donatus
1198 3831 1385 3911 erat,
1433 3845 1657 3921 quum
1722 3830 1943 3898 morte
1994 3821 2372 3899 afferretur.
2471 3822 2582 3897 De
2641 3844 2882 3897 eorum
2931 3819 3149 3919 igitur
3193 3818 3334 3893 vita
3379 3841 3460 3893 ac
3501 3838 3646 3891 me-

612 3937 758 4013 ritis
804 3939 875 4013 in
924 3940 1171 4016 litteris
1218 3941 1521 4018 colendis
1572 3941 1869 4017 breviter
1917 3940 2290 4015 dicendum
2337 3950 2468 4020 est.

707 4058 935 4135 Natus
992 4069 1101 4135 est
1159 4076 1523 4139 nanninus
1588 4084 1937 4135 mnnnurs
2004 4061 2075 4134 in
2134 4083 2315 4158 pago
2364 4058 2528 4133 huic
2577 4056 2737 4133 urbi
2782 4055 3006 4133 vicino
3053 4054 3201 4131 Ten
3251 4054 3472 4141 Boer,
3521 4051 3650 4128 ubi

614 4187 803 4275 pater
844 4180 1034 4256 verbi
1082 4181 1297 4257 divini
1347 4182 1643 4257 ministri
1688 4204 1973 4255 munere
2024 4177 2446 4278 fungebatur
2465 4236 2488 4268 ‚
2535 4202 2720 4253 anno
2771 4176 3136 4253 millesimo
3180 4175 3648 4276 septingente-

614 4296 787 4372 simo
848 4301 1295 4400 nonagesimo
1314 4358 1339 4391 ,
1410 4302 1523 4377 die
1588 4300 1997 4375 duodecimo
2064 4297 2325 4373 mensis
2387 4295 2768 4373 Februarii.
2869 4295 3159 4373 Circiter
3215 4304 3370 4371 octo
3427 4316 3648 4369 annos

610 4426 815 4493 natus
832 4477 852 4508 ,
922 4422 1012 4496 ad
1086 4423 1529 4523 gymnasium
1599 4420 2129 4517 Groninganum
2184 4417 2442 4494 missus
2515 4425 2624 4493 est
2683 4415 2924 4516 ibique
2985 4416 3208 4516 prima
3261 4414 3649 4491 litterarum

612 4536 1015 4616 Latinarum
1078 4552 1151 4618 et
1216 4546 1633 4619 Graecarum
1701 4541 2039 4615 elementa
2101 4537 2363 4615 didicit.
2463 4538 2656 4613 Post.
2687 4535 2960 4612 obitum
3005 4536 3220 4634 patris
3237 4592 3258 4623 ,
3320 4535 3445 4633 qui
3489 4556 3645 4609 mu·

612 4680 772 4732 nere
818 4659 1137 4739 abdicato
1184 4664 1615 4763 Groningam
1660 4661 2111 4761 migraverat,
2182 4701 2269 4715 —
2326 4682 2550 4757 quum
2603 4664 2825 4733 mater
2879 4655 2946 4731 ei
2991 4656 3130 4731 iam
3183 4654 3376 4755 prius
3423 4658 3646 4727 morte

614 4788 791 4851 esset
849 4790 1085 4880 erepta
1139 4826 1235 4841 -
1299 4783 1707 4861 sexennium
1756 4781 1949 4881 degit
1991 4781 2064 4855 in
2116 4779 2323 4855 domo
2377 4800 2538 4855 um
2587 4798 2904 4855 auncurt
2950 4798 3097 4851 VAN
3149 4794 3428 4862 nnana,
3476 4781 3646 4847 tunc

1502 4901 1505 4905 '
2170 4896 2177 4901 ’
3173 4893 3312 4966 34*
