4728 5991
1075 597 1212 666 130
2251 594 2941 677 G.1.L01³tCQ

1173 801 1700 881 Laboratorium
1765 802 2154 881 chemicum
2178 862 2198 892 ‚
2267 809 2465 904 grate
2528 809 2826 878 testante
2896 825 3249 879 Murennso
3318 809 3553 878 nostro
3576 861 3604 892 ,
3666 809 3876 878 tanto·
3921 827 4131 903 opere

1077 923 1460 1023 perfectum
1527 922 2068 1022 absolutumque
2135 931 2284 1012 est,
2345 935 2428 998 ut
2477 923 2709 1000 omnia
2764 921 3015 1000 habeat
3037 980 3057 1011 ,
3125 945 3305 1021 quae
3351 921 3739 998 chemicam-
3782 921 3875 1000 ad
3918 922 4119 1000 disci·

1073 1045 1335 1145 plinam
1383 1068 1551 1122 cum
1603 1043 2009 1124 tradendam
2033 1101 2054 1132 ,
2104 1051 2260 1118 tum
2308 1043 2801 1122 addiscendam
2854 1052 2927 1118 et
2972 1067 3131 1118 vero
3178 1042 3701 1141 provehendam.
3742 1043 3864 1118 vet
3897 1043 4119 1142 optari

1072 1165 1348 1263 possint
1395 1163 1510 1240 vel·
1552 1163 1761 1240 etiam
1812 1163 2119 1263 cogitari.
2225 1159 2234 1164 ’

1174 1283 1507 1360 Museum
1575 1282 1938 1382 physicum
2017 1282 2515 1382 locupletatum
2580 1288 2687 1354 est
2740 1279 3019 1380 egregio
3072 1289 3409 1379 apparatu
3428 1339 3448 1370 ‚
3499 1305 3545 1358 a
3588 1303 4121 1358 RUHnKOBrrlo

1074 1410 1508 1491 constructo,
1557 1402 2054 1502 phaenomeuis
2095 1402 2521 1478 inductionis
2572 1402 2967 1500 galvanicae
3016 1400 3447 1476 illustrandis
3496 1399 4037 1476 accommodato.

1181 1522 1752 1600 Observatorium
1809 1524 2346 1602 astronomicum
2397 1523 2637 1622 paucis
2684 1531 2843 1622 post
2886 1521 3245 1598 mensibus
3297 1520 3829 1622 locupletabitur
3871 1520 4125 1598 mettu-

1076 1651 1315 1721 meuto
1376 1640 1704 1741 primario
1724 1700 1744 1731 ,
1809 1643 2068 1718 scilicet
2119 1643 2487 1741 telescopio
2538 1642 2775 1718 decem
2828 1642 3043 1742 pedes
3097 1641 3343 1742 longe,
3408 1641 3597 1740 quod
3650 1628 4007 1718 Monachii
4054 1641 4127 1716 in

1075 1763 1350 1840 officina
1418 1785 1874 1838 srnmnnrnn
1941 1762 2324 1838 conficitur.
2426 1761 2796 1836 Collocatio
2861 1760 3073 1834 huius
3136 1758 3583 1836 instrumenti
3647 1759 4081 1858 pamlhcuca
4104 1815 4126 1847 ‚

1075 1908 1286 1981 quam
1335 1889 1624 1969 vocant,
1673 1905 2018 1958 ommno
2069 1881 2520 1958 mandabitur
2538 1939 2560 1970 ‚
2611 1880 3009 1957 mechanico
3057 1880 3467 1956 Traiectino.

1177 2001 1611 2076 Bibliotheca
1680 2001 2109 2090 academica,
2182 2001 2298 2076 cui
2369 2008 2603 2074 custos
2676 2001 3065 2099 adscriptus
3130 1980 3239 2073 est
3302 2023 3696 2074 mnmucus
3756 2021 4130 2073 Annna‘rus

1083 2143 1468 2198 asproonvr
1487 2179 1510 2208 ‚
1579 2119 1684 2196 vir
1745 2119 2226 2199 ornatissimus
2252 2177 2272 2208 ,
2347 2128 2827 2219 praeterquam
2904 2119 3251 2194 ordinaria
3309 2119 3641 2194 librorum
3703 2118 4087 2194 accessione
4107 2177 4127 2208 ,
4170 2141 4175 2144 ·

1079 2241 1332 2318 annuis
1403 2240 1546 2316 sive
1618 2239 1950 2330 subsidiis
2027 2241 2168 2314 sive
2242 2239 2443 2315 donis
2464 2298 2484 2328 ‚
2566 2246 2719 2314 tum
2794 2239 3001 2313 etiam
3078 2241 3587 2338 permutatione
3650 2263 3810 2318 cum
3877 2239 4136 2316 exteris

1078 2369 1470 2459 comparata
1491 2419 1512 2450 ,
1581 2385 1796 2460 quam
1861 2342 2265 2461 singulatim
2337 2383 2718 2434 memorare
2780 2382 2918 2433 non
2984 2357 3236 2433 attinet
3256 2417 3276 2447 ,
3349 2358 3889 2436 extraordinaria
3951 2359 4129 2436 mul·

1077 2489 1230 2556 tum
1275 2479 1695 2580 locupletata
1733 2488 1861 2557 est.
1959 2481 2276 2556 Primum
2303 2537 2326 2568 ,
2376 2478 2569 2577 quod
2612 2478 3071 2554 Curatoribus
3091 2536 3112 2567 ‚
3159 2478 3321 2552 viris
3361 2478 3809 2578 amplissimis
3828 2537 3864 2568 ‚.
3894 2503 4128 2578 aecep-

1077 2607 1232 2676 tum
1306 2600 1710 2690 referimus,
1744 2680 1765 2690 ,
1782 2625 1822 2675 e
1891 2599 2338 2678 celeberrima
2400 2621 2903 2676 sexnusnrxu
2970 2597 3189 2675 nostri
3233 2596 3611 2676 biliotheea·
3654 2599 3887 2702 plures
3942 2599 4139 2697 iique

1079 2719 1342 2818 egregii
1412 2719 1576 2796 libri
1647 2720 1904 2818 partim
1979 2719 2255 2796 iuridici
2335 2719 2445 2796 vel
2512 2717 2963 2807 oeconomici,
3032 2717 3286 2818 partim
3358 2718 3671 2796 litterarii
3740 2717 4141 2820 argumenti>

1073 2839 1297 2914 coemi
1363 2845 1764 2938 potuerunt.
1885 2839 2162 2916 Deinde
2181 2899 2202 2930 ,
2279 2839 2875 2938 quemadmodum
2950 2837 3377 2914 Professores
3443 2838 3645 2914 haud:
3713 2839 3965 2938 pauci,
4034 2838 4141 2916 sie

1077 2959 1290 3033 etiam
1357 2956 1600 3057 plures
1647 2982 1730 3033 ex
1787 2958 1913 3049 iis,
1965 2959 2090 3059 qui
2133 2983 2445 3035 summos
2487 2960 2652 3035 olim
2700 2960 2775 3035 in
2827 2960 2962 3037 hac
3008 2958 3386 3037 Academia
3438 2957 3743 3035 honores
3782 2957 4175 3037 consecutis-

1082 3083 1288 3165 sunt,
1359 3077 1690 3177 operibus
1759 3078 1850 3155 ab
1921 3080 2092 3178 ipsis
2166 3080 2378 3155 editis
2452 3081 2743 3180 aliisque
2818 3080 3307 3155 bibliothecam
3386 3086 3695 3157 nostram
3774 3087 4142 3159 omarum

1079 3198 1440 3272 Postremo
1503 3198 1646 3273 duo
1706 3198 1909 3273 nobis
1971 3201 2374 3300 obtigerunt
2423 3225 2749 3288 munera,
2800 3224 2979 3299 quae
3035 3224 3207 3275 num
3258 3199 3717 3299 amplitudine
3763 3200 3991 3300 magis
4040 3224 4133 3277 an

1080 3316 1318 3393 animo
1378 3316 1792 3395 donatorum
1855 3320 2194 3425 excellant
2211 3378 2232 3409 ,
2301 3320 2625 3419 equidem
2688 3320 3027 3395 affirmare
3071 3342 3211 3393 non
3256 3321 3503 3395 ausim.
3606 3317 3948 3396 Sexcenta
4000 3319 4131 3395 sci·

1079 3437 1246 3513 licet
1312 3444 1384 3511 et
1451 3438 1962 3538 quinquaginta
2035 3440 2290 3538 scripta
2349 3439 2739 3517 academica
2755 3498 2775 3529 ,
2838 3446 3196 3515 auctorum
3253 3438 3441 3515 fama
3488 3440 3743 3539 pariter
3796 3464 3877 3515 ac
3928 3464 4133 3538 argu-

1079 3564 1474 3632 mentorum
1529 3557 1864 3657 gravitate
1919 3559 2264 3658 praeclara
2283 3618 2303 3648 ,
2374 3559 2601 3634 verbis
2652 3558 3149 3635 amantissimis
3198 3558 3402 3634 nobis
3450 3559 3710 3633 obtulit
3762 3581 4135 3634 sanamus

1085 3700 1548 3753 sumanus.
1578 3700 1928 3753 'rrnnusn
1949 3738 1968 3766 ‚
2021 3678 2123 3752 vir
2166 3680 2587 3758 clarissimus
2608 3738 2629 3769 ,
2680 3679 3053 3755 dimidium
3101 3678 3282 3754 ultra
3320 3679 3675 3754 saeculum
3713 3677 4135 3755 Academiae

1079 3798 1770 3897 Lugduno-Batavae
1837 3799 2072 3875 decus.
2176 3800 2391 3879 Quod
2456 3824 2595 3899 quo
2657 3798 2925 3900 gratius
2978 3798 3183 3873 nobis
3242 3798 3567 3873 acciderit
3615 3796 4135 3874 benevolentiae

1079 3919 1558 3997 testimonium
1581 3976 1602 4009 ,
1675 3944 1760 3995 eo
1825 3919 2086 3996 tristior
2161 3944 2328 3997 sane
2403 3918 2697 3995 nuntius
2766 3918 2934 4006 fuit,
3010 3918 3405 4019 nuperrime
3474 3918 3779 4019 perlatus
3802 3977 3822 4008 ,
3893 3940 4133 3992 senem

1079 4038 1276 4111 illum
1345 4038 1854 4129 venerandum„
1925 4040 2128 4139 quasi
2197 4064 2441 4117 somno
2500 4064 2575 4116 se
2630 4037 2860 4128 daret,
2924 4039 3225 4115 animam
3276 4038 3565 4115 efflasse.
3630 4081 3736 4099 —-
3790 4038 3941 4117 Qui
3985 4036 4131 4110 Gu-

1083 4161 1391 4229 ratorum
1441 4156 1727 4255 collegio
1773 4167 2045 4255 praeest
2063 4218 2083 4248 ‚
2135 4159 2236 4233 vir
2274 4160 2751 4236 nobilissimus
2768 4218 2788 4248 ,
2838 4184 3053 4258 eques
3101 4185 3150 4234 A
3202 4184 3547 4236 numan
3567 4219 3587 4250 ,
3617 4157 4131 4237 „bibliothecam

1085 4274 1529 4372 locupletavit
1577 4300 1782 4374 opere
1831 4278 2423 4375 praestantissimo
2443 4339 2463 4370 ,
2544 4280 2987 4381 septuaginta
3034 4288 3301 4380 septem
3354 4281 3427 4354 in
3480 4280 3829 4355 volumina
3874 4277 4129 4366 diviso,

1085 4393 1276 4492 quod
1343 4392 1475 4467 sub
1536 4394 1740 4470 titulo
1804 4396 2108 4472 Diarii
2157 4399 2224 4473 A
2249 4398 2571 4475 siatici
2620 4400 3021 4475 thesaurum
3066 4401 3377 4477 continet
3420 4398 3982 4476 dissertationum
4038 4396 4132 4471 de

1081 4514 1358 4613 populis
1423 4512 1872 4593 orientalibus
1891 4574 1914 4606 ,
1982 4540 2164 4616 quae
2247 4542 2403 4595 vere
2467 4519 2787 4595 classicae
2854 4519 3219 4596 habentur.
3346 4520 3622 4597 Gratias
3689 4518 3919 4617 accipe
3937 4574 3959 4607 ‚
4024 4516 4135 4590 vir

1085 4634 1658 4713 excellentissime
1678 4695 1700 4725 ,
1774 4662 1948 4737 quas
2013 4638 2328 4715 omnium
2406 4639 2687 4715 nomine
2758 4638 2890 4714 tibi
2958 4640 3297 4716 maximas
3366 4666 3499 4741 ago
3522 4700 3543 4731 ,
3610 4664 3735 4739 pro
3794 4635 4135 4735 singulari

1084 4753 1419 4831 beneficio
1439 4814 1460 4845 ,
1534 4779 1676 4854 quo
1743 4756 2072 4856 privatim
2133 4758 2342 4837 etiam
2414 4758 2862 4836 Academiam
2934 4767 3241 4836 nostram
3310 4763 3577 4843 afficere
3646 4758 3779 4833 tibi
3838 4755 4131 4856 placuit.
