4728 5991
1828 597 2387 664 ORATIO.
3506 597 3635 666 205

597 813 920 882 mutaret.
1037 805 1232 886 Quid
1287 803 1472 879 enim
1528 802 1720 877 vobis
1769 803 2102 892 diffitear,
2173 805 2361 905 quod
2416 813 2489 878 et
2534 829 2768 880 meum
2815 813 2887 878 et
2930 805 3242 879 omnium
3292 804 3637 880 Ecclesiae

593 928 971 1002 amicorum
1021 925 1338 1001 animum
1399 947 1806 1022 oppressum
1858 923 1982 999 diu
2027 925 2164 1000 iam
2217 925 2487 1014 tenuit,
2538 933 2747 1024 atque
2802 925 2969 1025 ipsis
3023 925 3229 1024 lippis
3282 932 3353 998 et
3402 932 3632 998 tonso·

593 1047 784 1122 ribus
856 1054 1098 1120 notum
1169 1046 1332 1120 est?
1433 1045 1592 1118 Non
1659 1051 1935 1119 tantum
1984 1049 2361 1144 opinionum
2410 1045 2745 1120 dissensio
2768 1105 2787 1134 ,
2860 1046 2984 1119 sed
3032 1053 3103 1120 et
3147 1048 3635 1144 principiorum

588 1166 954 1241 discidium
1024 1165 1206 1241 inter
1274 1163 1661 1262 Theologos
1728 1163 2102 1239 hodiernos
2173 1162 2575 1240 huiusmodi
2642 1176 2784 1254 est,
2862 1175 2941 1240 ut
2990 1166 3077 1240 de
3131 1189 3299 1264 pace
3349 1162 3635 1237 feliciter

585 1285 1010 1361 restituenda
1082 1285 1196 1359 vix
1271 1283 1411 1358 ulla
1479 1293 1830 1360 remaneat
1895 1309 2072 1386 spes.
2175 1286 2629 1360 Auctoritatis
2680 1285 2950 1384 divinae
2994 1292 3066 1359 et
3114 1282 3450 1359 libertatis
3502 1281 3633 1355 hu-

585 1429 828 1479 manae
879 1403 1200 1503 patroni,
1253 1403 1387 1477 sibi
1429 1403 1773 1502 oppositi,
1825 1429 2037 1504 quam
2094 1405 2421 1480 acerrime
2469 1429 2667 1480 suam
2719 1405 2979 1504 quique
3022 1429 3303 1478 causam
3350 1409 3630 1476 conten-

586 1525 744 1600 dere
789 1531 1134 1624 pergunt,
1183 1523 1254 1598 et
1307 1523 1416 1598 vix
1465 1525 1674 1599 ullam
1722 1525 2195 1623 quaestionem
2238 1525 2721 1624 Theologicam
2768 1549 3037 1600 movere
3076 1523 3333 1624 poteris
3356 1581 3375 1611 ‚
3420 1521 3586 1620 quin
3608 1579 3629 1610 ,

584 1645 896 1719 omnium
991 1644 1354 1718 sententiis
1441 1643 1744 1733 auditis,
1821 1644 2122 1732 collatis,
2205 1646 2597 1744 perpensis,
2676 1671 2831 1718 mox
2904 1644 3159 1718 maiore
3228 1641 3631 1716 difficultate

584 1789 791 1863 quam
855 1773 1060 1839 antea
1129 1763 1247 1838 illa
1295 1763 1518 1862 premi
1564 1763 1898 1854 videatur.
2001 1765 2197 1843 Quid
2247 1765 2499 1838 mirum
2548 1790 2712 1865 ergo
2736 1825 2755 1854 ,
2804 1764 2863 1838 si
2912 1763 3325 1861 Theologiae
3372 1759 3629 1859 profes-

583 1910 691 1959 sor
759 1884 1084 1973 futurus,
1164 1883 1364 1957 cuius
1439 1882 1790 1982 cogitandi
1866 1885 2038 1959 ratio
2106 1884 2346 1960 amicis
2410 1893 2621 1983 atque
2694 1883 3095 1958 adversariis
3165 1881 3354 1956 haud
3428 1880 3631 1978 plane

585 1997 992 2080 abscondita
1042 2003 1340 2092 mansit,
1395 1985 1706 2103 undique
1749 2003 2170 2104 interpellari
2215 2029 2288 2079 se
2331 2005 2571 2079 audiat
2614 2005 2979 2079 sentiatve:
3035 2003 3361 2103 quisnam
3404 2011 3485 2074 tu
3522 2025 3628 2089 ea,

580 2123 702 2222 qui
792 2123 982 2198 haud
1067 2122 1571 2212 reformidasti,
1644 2125 1964 2199 Doctoris
2037 2125 2493 2225 Theologiae,
2568 2126 2780 2224 idque
2856 2125 3136 2224 quidem
3218 2119 3631 2220 Theologiae

579 2243 1031 2343 Dogmaticae
1105 2252 1334 2342 partes
1415 2243 1762 2342 suscipere
1829 2247 1902 2319 in
1977 2245 2103 2320 hac
2170 2257 2561 2344 temporum
2626 2245 3061 2319 calamitate?
3154 2244 3403 2316 Nonne
3460 2241 3628 2329 scia,

583 2363 1066 2462 Dogmaticam
1135 2371 1370 2437 nostro
1430 2363 1730 2438 maxime
1801 2389 1969 2439 aevo
2021 2365 2452 2465 disciplinam
2505 2389 2655 2438 csse
2701 2375 2845 2438 tam
2896 2363 3451 2463 problematicam
3477 2420 3498 2449 ,
3549 2370 3632 2434 ut

581 2483 937 2583 theologos
1013 2482 1125 2557 vix
1205 2482 1516 2558 invenias
1580 2483 1796 2574 duos,
1873 2485 1962 2560 de
2033 2510 2174 2560 uno
2239 2486 2565 2584 dogmate
2634 2508 2865 2558 revera
2938 2483 3123 2556 idem
3204 2481 3631 2554 sentientes?

581 2604 832 2678 Nonne
897 2602 1132 2691 vides,
1204 2611 1274 2678 te
1342 2603 1714 2678 architecto
1765 2602 1956 2678 haud
2003 2604 2410 2680 dissimilem
2458 2629 2648 2692 esse,
2718 2603 3051 2702 templum
3096 2601 3455 2676 aedificare
3507 2623 3629 2674 cu·

581 2723 840 2822 pienti,
909 2723 1025 2798 cui
1097 2747 1252 2797 vero
1323 2747 1412 2797 ne
1490 2722 1682 2797 locus
1751 2723 2033 2823 quidem
2101 2733 2336 2814 vacat,
2414 2723 2537 2798 ubi
2594 2724 3047 2798 fundamenta
3091 2721 3308 2796 iacere
3361 2719 3630 2819 possit?

582 2843 774 2917 Num
845 2851 926 2917 tu
990 2842 1206 2942 igitur
1260 2842 1462 2918 nobis
1513 2845 1916 2934 oraculum,
1970 2845 2094 2920 diu
2137 2846 2647 2932 desideratum,
2697 2851 3057 2943 apportas,
3107 2867 3247 2942 quo
3296 2839 3629 2939 litiganti·

583 2961 716 3037 bus
763 2987 898 3061 pax
919 3020 940 3052 ,
991 2962 1205 3039 dubie
1251 2963 1704 3039 haerentibus
1750 2965 2092 3041 certitudo
2137 2967 2737 3067 tranquillitasque
2790 2964 3170 3039 reddetur?
3242 2962 3336 3037 Et
3385 2962 3442 3037 si
3498 2959 3629 3036 hoc

587 3084 924 3157 affirmare
974 3108 1111 3157 non
1166 3084 1431 3173 audes,
1481 3084 1656 3182 quid
1699 3084 1829 3160 tibi
1877 3086 1964 3160 de
2012 3111 2188 3161 novo
2233 3112 2521 3162 munere
2570 3085 3156 3185 exspectandum,
3205 3082 3339 3157 nisi
3384 3082 3630 3157 tristis·

587 3200 758 3275 sima
803 3226 950 3275 sors
999 3201 1186 3276 illius
1231 3202 1856 3301 imprudentissimi
1894 3206 2064 3295 viri,
2113 3233 2320 3307 quem
2378 3207 2701 3307 parabola
2746 3204 2946 3279 nobis
2994 3203 3344 3302 depinxit,
3387 3227 3627 3301 quem·

585 3344 722 3417 que
773 3343 938 3393 mox
989 3328 1406 3418 spectatores
1449 3320 1780 3411 illudent,
1845 3324 2189 3401 dicentes:
2267 3326 2477 3424 nquia
2537 3326 2647 3401 hic
2704 3326 2909 3400 homo
2957 3323 3182 3423 coepit
3230 3323 3629 3412 aedificare,

585 3438 1064 3513 consummare
1113 3448 1350 3514 autem
1400 3463 1538 3514 non
1589 3442 1906 3541 potuitl''
1961 3469 1970 3479 ·

682 3558 985 3648 Audivi,
1033 3560 1454 3647 Auditores,
1505 3568 1578 3634 et
1618 3586 1737 3635 vos
1785 3561 2184 3652 audivistis,
2236 3588 2348 3637 me
2390 3562 2646 3661 incepti
2696 3561 3137 3635 difficultates
3185 3584 3625 3659 nequaquam

587 3676 774 3775 parvi
821 3675 1124 3752 duxisse.
1225 3678 1427 3753 Tales
1468 3678 1752 3752 fuerunt
1795 3688 1864 3753 et
1912 3688 2112 3769 sunt,
2166 3688 2280 3768 ut,
2334 3681 2468 3754 nisi
2514 3681 2727 3781 probe
2774 3682 3016 3755 scirem
3063 3680 3131 3752 in
3177 3682 3409 3757 Quem
3441 3677 3622 3751 fidu·

585 3798 756 3871 ciam
809 3797 1024 3873 animi
1069 3798 1464 3874 etiamnunc
1517 3807 1670 3874 tuto
1719 3825 2046 3900 reponere
2095 3800 2395 3900 possim,
2449 3826 2559 3873 me
2606 3808 2835 3875 tantae
2875 3798 3200 3875 audaciae
3242 3796 3623 3896 poeniteret

587 3916 711 3993 hac
779 3918 1128 4015 ipsissima
1199 3918 1403 4008 hora,
1473 3921 1612 4017 quii
1667 3945 1827 3995 cum
1878 3920 2369 4020 Apostolorum
2427 3921 2733 4019 principe
2785 3928 3047 4018 repeto:
3114 3917 3417 4017 ἀνάγκη
3474 3916 3626 4015 γάρ

585 4066 726 4133 μοι
797 4039 1194 4115 ἐπίκειται.
1299 4042 1584 4118 Quanto
1656 4041 1874 4116 levius
1957 4066 2248 4140 pensum
2319 4050 2631 4113 nostrum
2696 4048 2878 4113 esset
2945 4038 3305 4126 futurum,
3358 4036 3621 4111 sicum

585 4158 964 4232 clarissimo
1037 4160 1410 4233 Decessore
1481 4159 1554 4233 in
1623 4160 1950 4235 orationis
2001 4159 2304 4233 Introitu
2357 4159 2534 4233 hanc
2586 4159 2801 4233 nostri
2849 4158 3173 4256 temporis
3230 4156 3627 4232 felicitatem

587 4277 908 4351 extollere
977 4302 1294 4376 possem,
1367 4279 1510 4378 qua
1572 4322 1666 4337 ·-—
1737 4282 1925 4378 quod
1995 4280 2392 4355 acutissimo
2463 4288 2893 4355 scnaomrno
2954 4284 3314 4377 acceptum
3379 4275 3624 4351 refere-

585 4393 706 4469 bat
771 4440 870 4453 -
941 4401 1501 4496 uScepticismus,
1561 4400 2005 4488 Idealiamua,
2057 4401 2605 4475 Materialismus
2625 4460 2643 4487 ,
2695 4398 3010 4497 perpetui
3065 4396 3165 4471 illi
3214 4394 3629 4493 'Pheologiae

585 4514 859 4605 hostes,
917 4540 1058 4591 uno
1115 4517 1262 4591 ictu
1315 4542 1500 4593 nunc
1547 4519 1890 4619 profligati
1941 4522 2205 4595 erant.''
2241 4522 2296 4611 ι)
2386 4519 2526 4593 Sed
2583 4544 2793 4617 quam
2851 4519 3055 4617 longe
3105 4517 3195 4592 ab
3248 4516 3363 4589 illa
3392 4514 3623 4588 -histo-

669 4777 718 4852 ¹)
779 4778 1016 4852 vrum,
1065 4782 1227 4841 Orac.
1277 4784 1539 4859 lnauqur.
1577 4786 1642 4843 de
1697 4786 1958 4845 Germano
2007 4786 2348 4861 Philo-sopho
2368 4830 2382 4857 ,
2426 4784 2627 4860 optimo
2680 4784 2979 4857 neoloqo,
3022 4780 3169 4839 Trai.
3218 4778 3390 4839 1837.
