4728 5991
1107 603 1239 674 226
2118 604 2171 670 1.
2234 605 2286 671 1.
2350 623 2503 670 vn«
2563 601 3152 672 oos‘rmtzssss

1110 811 1347 890 cordia
1410 835 1617 911 quam
1691 809 2098 911 longissime.
2156 810 2438 886 remotis
2460 868 2480 898 ,
2555 809 2719 909 qui,
2791 808 3026 909 prouti
3094 808 3234 888 dici
3293 809 3510 899 solet,
3575 810 3676 888 nil
3739 809 3944 888 obliti
3995 821 4160 890 sunt

1112 933 1555 1031 antiquorum
1583 990 1604 1021 ,
1669 931 1772 1006 nil
1836 931 2295 1006 recentiorum
2362 930 2634 1020 edocti,
2695 930 2898 1007 nobis
2967 930 3143 1008 illud
3205 930 3533 1031 praeclari
3578 939 3822 1032 poetae
3868 942 4156 1011 traunt-

1109 1052 1390 1133 tantini:
1472 1081 1507 1122 u
1526 1053 1922 1128 Ecca-riost
1969 1062 2303 1151 perpetuo
2350 1051 2757 1128 obversetur
2799 1059 3108 1151 oportet,
3171 1050 3504 1126 excelsior
3547 1063 3822 1144 autem,
3883 1077 4026 1129 non
4068 1055 4156 1132 ad

1104 1173 1369 1273 rigidas
1435 1173 1813 1273 niveasque
1862 1172 2223 1272 regioneS,
2295 1171 2419 1249 ubi
2477 1173 2756 1247 tandem
2811 1170 3041 1246 miseri
3089 1194 3454 1270 pereamus
3503 1195 3784 1248 necesse
3839 1183 3996 1263 est,
4039 1176 4158 1252 sed

1108 1294 1199 1374 ad
1260 1294 1598 1394 ternplum
1667 1292 1975 1370 veritatis
2041 1292 2476 1369 Christianae
2495 1351 2524 1382 ,,
2585 1293 2658 1366 in
2725 1302 2962 1368 monte
3011 1290 3128 1365 illo
3177 1300 3648 1380 exstructum,
3723 1293 3846 1370 ubi
3899 1317 4154 1374 novum

1110 1413 1457 1493 mundum
1518 1411 1657 1511 ipsi
1716 1411 2108 1511 adspicere,
2168 1412 2505 1510 aliisque,
2573 1436 2700 1488 nos
2751 1410 3321 1510 insequentibus,
3388 1409 3570 1486 laete
3621 1425 4156 1494 commonstrans

1108 1534 1513 1634 poterimus.
1602 1531 1833 1610 Verbo
1856 1590 1877 1620 ,
1928 1531 2027 1608 ita
2070 1531 2425 1608 excolatur
2468 1531 2844 1631 Theologia
2889 1542 3124 1606 nostra
3142 1587 3163 1619 ,
3216 1541 3294 1603 ut
3335 1529 3490 1631 ipsa
3531 1544 3815 1610 aeterna
3853 1534 4156 1628 Veritas,

1108 1653 1183 1730 in
1254 1653 1533 1732 Christo
1603 1652 1989 1752 patefacta,
2059 1651 2339 1727 clariore
2407 1653 2478 1729 in
2545 1653 2695 1727 dies
2755 1653 2907 1727 luce
2969 1650 3330 1751 splendere
3390 1651 3697 1752 incipiat.
3798 1658 4016 1736 Quod
4077 1665 4156 1736 ut

1108 1775 1271 1864 fiat,
1325 1799 1533 1874 quam
1580 1772 2155 1848 commendamus
2191 1773 2684 1873 Theologiam,
2735 1797 2818 1847 ea
2860 1772 3584 1872 Evanqelico-Biblica
3627 1774 3760 1864 sit,
3809 1777 4150 1855 hister-ico-

1090 1896 1501 2002 pkilosoplea
1523 1952 1547 1982 ,
1594 1896 2185 1991 henim-practica
2239 1891 2546 1968 tandem.
2615 1893 2893 1968 Biblica
2941 1892 3266 1966 nimirum
3291 1947 3312 1980 ,
3362 1915 3502 1966 non
3553 1918 3638 1968 eo
3685 1918 3896 1971 sensu
3947 1905 4028 1972 ut
4067 1899 4155 1978 ed

1110 2015 1375 2095 nudam
1449 2013 1751 2088 litteram
1821 2013 2067 2089 Sacrae
2146 2012 2542 2111 Scripturae
2606 2011 2996 2110 promiscue
3065 2011 3460 2111 Theologus
3533 2013 3898 2115 ablegetur
3918 2075 3949 2105 ,
4006 2026 4154 2094 tnn-

1114 2158 1328 2233 quam
1392 2131 1485 2208 ad
1558 2131 1788 2206 nescio
1848 2131 2037 2229 quod
2115 2131 2387 2230 Corpus
2471 2131 2656 2205 Iuris
2723 2131 3003 2219 Divini,
3079 2139 3158 2203 ut
3237 2132 3516 2208 tetidem
3585 2135 3982 2213 mechanice
4037 2161 4155 2238 per

1111 2253 1321 2332 verba
1393 2251 1827 2328 sanctissima
1890 2251 2115 2339 iuret,
2182 2249 2376 2328 nullo
2429 2248 2824 2324 discrimine
2879 2257 3274 2348 temporum
3323 2249 3768 2351 locorumque
3815 2255 4148 2347 admisso3

1112 2373 1237 2450 sed
1305 2371 1432 2450 hoc
1498 2371 1751 2461 modo,
1818 2379 1897 2444 ut
1960 2396 2001 2447 e
2056 2394 2247 2444 sacro
2306 2367 2608 2456 Codice,
2675 2366 2808 2442 rite
2859 2367 3198 2467 explicato
3241 2378 3454 2468 atque
3503 2382 3783 2449 strenue
3833 2376 4148 2467 defenso,

1108 2492 1571 2593 cognitionem
1615 2491 1919 2568 veritatis
1966 2489 2349 2589 patefactae
2395 2488 2812 2564 uberrimam
2861 2477 3175 2588 hauriat,
3225 2490 3314 2564 ad
3361 2491 3826 2594 Euangelium
3875 2509 4148 2587 autem,

1104 2620 1437 2713 tunquam
1488 2613 1885 2712 Scripturae
1924 2635 2043 2689 cor
2088 2620 2303 2710 atque
2349 2608 2860 2696 meditullium,
2907 2607 3252 2708 imprimis
3295 2613 3652 2702 attendat,
3699 2623 3772 2689 et
3823 2639 3960 2692 non
4011 2627 4148 2693 tan·

1103 2741 1259 2812 tum
1327 2732 1723 2832 Scripturae
1788 2756 1921 2831 ope
1980 2731 2073 2809 ad
2135 2730 2538 2818 Christum,
2589 2729 2712 2804 sed
2767 2727 3002 2828 potius
3051 2753 3176 2828 per
3219 2729 3576 2806 Christum
3625 2733 3715 2808 ad
3770 2721 4150 2838 intelligen-

1109 2854 1277 2930 tiam
1333 2853 1729 2954 Scripturae
1794 2851 2111 2929 ducatur.
2212 2851 2271 2924 E
2321 2849 2644 2939 Christo,
2697 2859 3026 2948 tanquam
3081 2862 3320 2927 centro
3369 2853 3891 2950 patefactionis,
3941 2883 4150 2956 quan-

1103 2983 1259 3052 tum
1305 2972 1458 3049 fieri
1501 2980 1771 3072 potest,
1823 2971 2125 3049 deducat
2172 2970 2452 3059 omnia,
2503 2969 2594 3049 ad
2643 2969 2968 3069 Eumque
3013 2993 3193 3072 quae
3242 2970 3508 3047 invenit
3549 2974 3878 3065 reducat,
3933 3002 4152 3077 neque

1106 3095 1281 3171 adeo
1344 3092 1435 3167 de
1496 3092 1733 3169 multis
1783 3094 2217 3179 veritatibus,
2285 3117 2353 3190 q.
2389 3090 2461 3165 d.
2517 3089 2876 3190 patefactis
2925 3090 3118 3190 loqui
3167 3102 3451 3191 pergat,
3495 3092 3628 3169 sed
3674 3095 3898 3193 ipsam
3961 3098 4152 3175 Veri-

1108 3222 1359 3303 tatem,
1408 3237 1661 3301 unam,
1712 3212 2173 3300 indivulsam,
2226 3211 2545 3299 vitalem,
2594 3211 2666 3287 in
2713 3210 2992 3285 Christo
3031 3210 3180 3309 ipse
3223 3212 3608 3310 adspiciat,
3649 3216 3950 3315 aliisque
3986 3200 4151 3295 laete

1110 3331 1510 3411 annunciet.
1612 3332 1827 3415 Quod
1874 3341 1953 3411 ut
1994 3330 2215 3409 facere
2265 3331 2525 3431 possit,
2574 3331 2991 3430 Theologia,
3041 3330 3183 3429 quii
3226 3332 3612 3422 imbuitur,
3659 3336 4150 3436 historico-phi·

1107 3453 1383 3551 losopaa
1433 3452 1544 3530 sit.
1650 3453 2020 3527 uiator-iod
2054 3451 2162 3527 via
2210 3453 2626 3551 procedens,
2678 3450 3208 3551 patefactionem
3257 3452 3560 3529 divinam
3617 3455 3962 3552 gradatim
4001 3482 4150 3557 pro-

1109 3573 1471 3650 cedentem
1542 3572 1897 3663 observet,
1970 3572 2299 3675 praeclari
2361 3571 2549 3647 illius
2619 3572 2866 3647 moniti
2931 3596 3230 3646 memor:
3297 3575 3635 3672 diatimque
3691 3584 4036 3674 tempora,
4085 3584 4154 3653 et

1112 3695 1543 3771 concordabit
1589 3696 1973 3791 Scriptura.
2072 3692 2422 3769 Ecclesiae
2463 3692 2944 3770 auctoritatem
2987 3714 3124 3767 non
3175 3691 3458 3790 quidem
3507 3718 3716 3791 supra
3760 3695 4149 3775 Protestan-

1108 3814 1303 3894 tismi
1354 3814 1638 3893 modurn
1690 3825 2095 3903 veneretur,
2158 3838 2285 3892 nec
2340 3813 2564 3913 magis
2611 3826 2840 3889 tamen
2892 3822 3330 3900 contemnat,
3383 3815 3944 3891 communionem
3993 3818 4153 3895 fidei

1109 3960 1279 4012 cum
1337 3942 1744 4035 proavorum
1799 3934 2062 4014 familia
2106 3933 2424 4034 religiose
2471 3932 2828 4022 observet,
2876 3957 3106 4031 neque
3155 3940 3387 4007 tamen
3433 3958 3744 4033 unquam
3797 3936 3936 4011 Dei
3989 3936 4151 4015 vet-

1109 4052 1288 4131 bum
1329 4080 1491 4137 cum
1540 4054 1899 4131 hominum
1929 4113 1949 4144 ‚
2001 4078 2090 4130 ne
2141 4054 2892 4153 praestantissimorum
2944 4052 3272 4153 quidem,
3323 4052 3490 4127 fidei
3525 4054 3876 4133 Formulis
3923 4057 4152 4157 aequi-

1110 4172 1339 4272 parari
1402 4174 1755 4249 concedat.
1856 4172 2015 4249 Hoc
2082 4184 2317 4247 autem
2383 4197 2554 4271 prae
2609 4172 2896 4248 caeteris
2957 4182 3195 4260 curet,
3267 4183 3346 4246 ut
3414 4174 3661 4253 verita
3723 4176 4028 4253 revelata
4083 4177 4152 4253 in

1112 4290 1459 4369 interioris
1529 4290 1829 4365 hominis
1896 4293 2285 4372 sanctuario
2358 4292 2640 4367 clariore
2707 4292 3088 4369 identidem
3165 4302 3442 4369 resonet
3499 4316 3662 4369 voce
3791 4297 4028 4373 Quem
4081 4296 4148 4371 in

1113 4409 1326 4489 finem
1391 4408 1821 4508 profundiori
1883 4409 2295 4488 facultatum
2360 4411 2823 4487 humanarum
2895 4411 3162 4509 analysi
3211 4412 3592 4513 Theologia
3641 4425 4152 4513 superstruatur

1114 4554 1395 4607 necesse
1436 4539 1584 4617 est,
1636 4541 1719 4605 ut
1757 4530 1853 4607 ita
1897 4533 2122 4631 magis
2162 4530 2527 4632 magisque
2569 4542 2940 4631 appareat,
2988 4532 3463 4609 testimonium
3509 4533 3910 4633 Scripturas
3948 4544 4151 4636 atquc

1110 4650 1587 4732 testimonium
1630 4650 1847 4731 animi
1890 4651 2281 4731 admirabili
2322 4676 2604 4751 prorsus
2641 4651 2906 4727 ratione
2949 4651 3083 4729 sibi
3135 4648 3442 4729 invicem·
3476 4653 3679 4752 quasi
3723 4656 4148 4754 respondem.

1104 4770 1365 4873 Logioa
1406 4794 1547 4854 non
1602 4779 1921 4861 tantum,
1973 4772 2097 4852 ned
2139 4771 2622 4876 psychologica
2655 4771 2826 4849 haee
2868 4772 3242 4849 methodus
3287 4772 3458 4861 erit,
3509 4784 3721 4871 atque
3741 4776 4148 4874 philosopha
