4728 5991
1823 584 2388 653 ORATIO.
3507 589 3639 655 229

584 794 809 894 Regis
874 796 1149 870 decreto
1202 794 1377 870 mihi
1429 794 1929 872 demandatum
1978 796 2119 871 iam
2170 795 2393 869 video.
2495 795 2711 874 Quod
2758 796 3040 870 omnino
3091 796 3266 870 mihi
3310 821 3450 873 non
3494 803 3644 871 tan-

582 924 741 990 tum
812 915 1092 1004 honori,
1145 914 1269 990 sed
1316 914 1575 1014 gaudio
1625 916 1847 1006 duco,
1898 916 2157 1016 quippe
2205 915 2329 1014 qui
2379 938 2516 988 non
2567 915 2772 1015 longe
2826 915 2916 989 ab
2961 914 3234 1014 antiqui
3281 915 3646 992 cuiusdam

585 1033 928 1134 Theologi
994 1033 1337 1108 sententia
1395 1032 1662 1122 absim,
1730 1035 2103 1110 statuentis
2148 1047 2342 1110 extra
2398 1036 2772 1110 Ecclesiam
2820 1035 3083 1109 nullam
3132 1035 3466 1124 salutem,
3523 1034 3647 1110 sed

588 1165 787 1230 extra
842 1152 1289 1229 Academiam
1338 1152 1601 1228 nullam
1648 1153 1862 1228 vitam
1912 1155 2265 1254 Theologo
2315 1179 2466 1228 esse
2522 1179 2675 1244 vere
2723 1155 2996 1228 vitalem
3055 1157 3139 1247 ¹).
3242 1155 3438 1234 Haec
3493 1177 3645 1253 per-

588 1273 827 1348 suasio
892 1273 1062 1362 fuit,
1132 1297 1315 1372 quae
1381 1272 1555 1347 mihi
1623 1273 1937 1347 animum
2018 1275 2327 1364 addidit,
2405 1283 2483 1348 ut
2537 1283 2694 1374 post
2755 1274 2968 1350 vitam
3027 1275 3646 1362 iucundissimam,

591 1393 808 1468 simul
870 1417 1027 1467 vero
1082 1391 1685 1468 laboriorissimam
1738 1393 2286 1468 Ecclesiasticam
2309 1452 2329 1482 ,
2395 1394 2534 1469 iam
2587 1395 3073 1494 gravissimum
3119 1420 3376 1470 munus
3428 1393 3646 1470 susci-

590 1539 831 1614 perem
850 1570 871 1601 ‚
946 1513 1137 1612 quod
1202 1513 1377 1586 forte
1440 1512 1665 1587 tutius
1724 1513 1971 1588 fuisset
2034 1514 2345 1590 modeste
2416 1540 2751 1590 recusare.
2853 1515 2992 1589 Sed
3060 1516 3190 1590 hoc
3257 1541 3416 1590 cum
3472 1514 3650 1588 serio

592 1633 1025 1722 meditabar,
1073 1632 1389 1733 religioni
1430 1642 1661 1707 tamen
1712 1633 2053 1708 ducebam
2076 1691 2097 1721 ,
2148 1634 2617 1733 Praeceptori,
2668 1635 3036 1733 eidemque
3078 1635 3326 1710 Amico
3368 1636 3608 1708 deesse
3627 1691 3647 1721 ,

594 1753 747 1840 cui,
823 1752 929 1826 uti
988 1752 1270 1852 ,saepius
1337 1750 1508 1825 mihi
1576 1751 2026 1852 significavit,
2089 1753 2213 1826 diu
2264 1753 2338 1827 in
2387 1754 2562 1827 votis
2613 1754 2788 1842 fuit,
2843 1764 2922 1828 ut
2975 1779 3101 1828 suo
3155 1754 3348 1828 exitu
3403 1777 3648 1829 vacan-

594 1881 739 1948 tem
809 1872 1183 1970 aliquando
1258 1872 1489 1946 locum
1556 1897 1963 1970 occuparem
2024 1897 2195 1971 ego;
2265 1872 2582 1974 religioni
2639 1873 2924 1962 itidem,
2997 1883 3259 1949 vestrae
3308 1875 3454 1948 voci
3507 1895 3649 1946 non

594 1993 1115 2091 obtemperare,
1184 1989 1619 2066 Nobilissimi
1679 1990 1873 2079 Viri,
1932 1991 2058 2090 qui
2120 2018 2233 2066 me
2284 1993 2376 2067 ad
2429 2017 2674 2066 vmxu
2723 1993 3120 2068 cathedram
3174 2018 3411 2068 vocare
3459 1992 3648 2067 haud

598 2113 963 2212 dedignati
1014 2111 1199 2188 estis.
1301 2110 1561 2185 Vnum
1612 2110 1813 2199 dice,
1870 2120 1943 2184 et
1986 2111 2115 2188 hoc
2166 2137 2418 2186 nomen
2460 2113 2856 2211 gratissimo
2905 2138 3114 2188 sensu
3167 2109 3651 2212 pronuncianti

600 2242 847 2332 sponte
917 2231 1057 2306 iam
1126 2230 1297 2304 mihi
1356 2231 1761 2306 obversatur
1804 2231 2036 2330 imago
2085 2233 2323 2306 eximii·
2379 2233 2545 2322 viri,
2597 2232 2688 2308 ad
2740 2257 2988 2330 rogum
3044 2257 3267 2331 usque
3324 2232 3496 2306 mihi
3540 2230 3656 2330 pio

601 2376 833 2428 amore
884 2350 1176 2426 colendi.
1278 2350 1407 2425 Ille
1458 2351 1645 2425 enim
1698 2375 1809 2424 me
1852 2351 2156 2449 primum
2203 2351 2385 2424 inter
2431 2374 2674 2424 omnes
2725 2374 2890 2424 suos
2939 2349 3318 2448 discipulos
3365 2350 3654 2425 Theolo-

602 2475 757 2575 giae
814 2473 1181 2547 Doctorem
1236 2471 1529 2558 creavit,
1596 2478 1965 2569 postquam
2012 2494 2135 2569 per
2188 2467 2564 2543 triennium
2615 2467 2766 2542 eius
2816 2467 3161 2565 praeclara.
3213 2467 3658 2542 institutione

606 2590 1153 2689 suavissimaque
1216 2590 1679 2666 familiaritate
1741 2591 1847 2664 uti
1890 2591 2177 2666 licuerat
2191 2623 2211 2678 ;
2280 2590 2394 2664 ille
2439 2613 2548 2662 me
2595 2588 2689 2662 ad
2733 2611 2988 2660 munus
3036 2611 3307 2661 sacrum
3349 2587 3421 2660 in
3476 2609 3657 2686 pago

604 2697 1093 2790 amoenissimo
1158 2709 1435 2810 publice
1499 2709 1929 2799 introduxit;
1999 2711 2113 2785 ille
2178 2735 2538 2809 nunquam
2591 2732 2728 2782 non
2777 2731 2852 2780 se
2909 2707 3084 2780 mihi
3130 2707 3654 2804 integerrimum

606 2832 910 2908 amicum
972 2830 1307 2930 probavit.
1408 2829 1571 2904 Non
1628 2855 1861 2905 meum
1918 2840 2025 2904 est
2080 2831 2560 2904 Clarissimum
2611 2827 3036 2902 Defunctum
3083 2826 3378 2914 debitis,
3427 2827 3503 2901 id
3551 2831 3658 2899 est

609 2951 905 3031 summis
950 2950 1273 3027 extollere
1318 2949 1665 3026 laudibus.
1783 2949 1931 3050 Ipsi
1984 2951 2204 3025 virum
2250 2949 2710 3050 cognovistis,
2764 2948 2964 3023 cuius
3015 2947 3267 3022 mentis
3321 2971 3657 3035 acumen,

610 3070 961 3149 doctrinae
1022 3071 1331 3169 copiam,
1404 3094 1675 3143 morum
1738 3070 2251 3169 integritatem,
2322 3072 2575 3146 indolis
2637 3069 3144 3144 humanitatem
3217 3093 3459 3143 omncs
3509 3068 3660 3142 eius

610 3192 955 3291 collegae,
1026 3189 1381 3289 discipuli,
1452 3190 1657 3265 amici
1726 3200 1869 3265 tam
1942 3192 2067 3265 diu
2140 3193 2409 3291 experti
2477 3200 2676 3279 sunt,
2750 3214 3101 3290 quemque
3165 3216 3440 3265 summo
3511 3190 3662 3263 iure

612 3309 989 3387 Academia
1055 3319 1265 3407 atque
1334 3308 1639 3382 Ecclesia
1707 3308 1920 3408 luget.
2042 3313 2370 3389 Quonam
2415 3313 2647 3385 animo
2691 3312 2822 3405 sim
2882 3311 3364 3410 perpendatis,
3438 3332 3662 3409 quum

614 3432 751 3505 iam
800 3453 937 3503 non
990 3452 1233 3503 vmxn
1288 3428 1532 3502 laudes
1588 3427 1865 3517 efferre,
1934 3430 2058 3504 sed
2103 3432 2293 3530 quod
2342 3433 2569 3506 maius
2621 3441 2766 3519 est,
2835 3453 3080 3503 vmxu
3137 3430 3314 3505 vitae
3367 3454 3662 3529 pensum

614 3548 934 3649 persequi
997 3546 1391 3646 disparibus
1452 3544 1713 3621 viribus
1779 3548 2124 3623 debeam?
2234 3550 2354 3623 Ad
2423 3560 2714 3625 vestram
2785 3549 3288 3624 humanitatem
3355 3549 3661 3648 refugiO,

618 3671 987 3745 Curatores
1051 3668 1525 3766 Amplissimi,
1598 3676 1671 3741 et
1746 3668 2025 3741 nomine
2101 3669 2335 3744 Amici
2406 3670 2757 3757 defuncti,
2839 3692 3196 3767 nunquam
3269 3669 3460 3766 apud
3536 3690 3664 3741 nos

618 3787 977 3877 morituri,
1044 3788 1547 3887 indulgentiam
1612 3788 1903 3886 supplex
1974 3788 2283 3886 imploro.
2384 3790 2700 3889 Accipite
2757 3787 2939 3886 grati
2983 3788 3198 3861 animi
3239 3786 3660 3863 testificatio-

622 3934 779 3983 nem
826 3905 1397 3995 sincerissimam,
1462 3907 1671 3981 simul
1715 3932 1871 3981 vero
1926 3908 2355 3982 sanctissima
2407 3918 2604 3996 vota,
2657 3906 2914 4006 quibus
2968 3904 3452 4003 gravissimum
3503 3930 3662 3980 aus·

620 4030 809 4129 picor
851 4029 1145 4102 munus!
1214 4027 1532 4127 Pergite,
1584 4048 1877 4127 quaese,
1928 4052 2041 4101 me
2083 4027 2562 4103 benevolentia
2606 4026 2830 4101 vestra
2870 4024 3356 4113 condecorare,
3408 4033 3664 4099 vestro-

624 4175 759 4249 que
828 4148 1057 4223 favore
1124 4146 1297 4221 mihi
1356 4148 1667 4221 animum
1734 4146 1987 4223 addere
2010 4204 2030 4234 ,
2100 4156 2179 4221 ut
2242 4148 2366 4246 qui
2426 4147 2566 4223 iam
2622 4171 2906 4255 munere
2957 4145 3374 4221 Academico
3421 4170 3665 4234 ornor,

621 4269 771 4368 ipse
832 4277 1073 4366 postea
1134 4266 1299 4341 huic
1360 4267 1630 4341 muneri
1680 4266 2118 4363 aliquatenus
2172 4266 2418 4341 saltem
2471 4275 2876 4342 ornamento
2927 4266 3076 4341 fieri
3127 4266 3407 4365 possim.
3509 4266 3668 4341 Hoc

628 4388 869 4463 saltem
940 4386 1137 4460 vobis
1205 4385 1459 4485 recipio
1512 4385 1993 4485 spondeoque,
2046 4408 2155 4459 me
2202 4385 2392 4484 quod
2443 4385 2794 4461 doctrinae
2843 4394 3056 4485 atque
3106 4386 3386 4486 ingenio
3437 4387 3667 4474 deest,

626 4507 971 4583 indefesso
1014 4504 1247 4579 labore
1296 4514 1367 4578 et
1414 4504 1633 4579 animi
1679 4502 2115 4579 contentione
2161 4503 2261 4579 ita
2306 4528 2456 4579 esse
2503 4516 3109 4607 compensaturum
3132 4564 3152 4594 ,
3205 4515 3284 4579 ut
3329 4530 3446 4579 vos
3488 4528 3668 4580 nun·

662 4836 667 4841 ⁶
712 4767 763 4843 ¹)
820 4768 1024 4827 Joam
1066 4782 1387 4841 osanam,
1430 4766 1628 4829 Theol.
1670 4743 1935 4826 lenensis.
