4728 5991
1080 594 1215 660 214
2091 599 2141 662 1.
2205 599 2255 662 1.
2320 619 2467 660 vm«
2529 596 3118 664 OOSTERZEE

1078 810 1365 901 genteS,
1430 803 1883 900 Evangelium
1942 803 2174 901 ipsum
2236 828 2398 878 cum
2457 806 2686 879 nescio
2741 807 2880 906 qua
2931 807 3252 881 doctrina?
3294 804 3693 880 Christiana
3743 807 4122 883 confunde·

1081 928 1275 1010 rent,
1324 945 1367 994 a
1412 919 1673 993 Christi
1721 920 2173 1018 praeconibus
2220 921 2496 1019 saepius
2547 923 2715 997 satis
2767 925 2955 999 aride
3001 935 3212 1022 atque
3259 925 3488 1000 ieiune
3538 926 3888 1024 exposita,
3937 927 4143 1003 aliisa-

1076 1066 1217 1140 que
1280 1039 1609 1115 doctrinis
1671 1039 2007 1137 religiosis
2074 1049 2307 1140 aperte
2375 1042 2711 1141 opposita.
2815 1045 2962 1116 Nec
3029 1045 3496 1119 omittendum
3519 1103 3540 1133 ,
3605 1045 3770 1120 fidei
3841 1069 4122 1121 causam

1080 1161 1384 1236 subinde
1452 1161 1659 1234 modo
1735 1158 2083 1257 armisque
2154 1161 2506 1235 defensam
2576 1161 2788 1238 fuisse
2811 1221 2830 1251 ,
2896 1187 3074 1261 quae
3126 1164 3320 1238 facile
3369 1165 3615 1238 tritum
3657 1165 3834 1239 illud
3884 1165 4122 1241 elicere

1075 1291 1389 1382 possent:
1472 1305 1654 1355 nnon
1708 1281 1825 1356 tali
1876 1281 2172 1368 auxili0,
2227 1307 2353 1357 nec
2405 1283 2882 1358 defensoribus
2935 1283 3157 1360 istis.''
3234 1284 3474 1372 Quid,
3527 1286 3715 1382 quod
3765 1285 3956 1358 haud
4002 1287 4120 1360 de-

1077 1402 1392 1489 fuerunt,
1443 1402 1567 1501 qui
1616 1427 1779 1477 cum
1822 1425 2111 1476 asconis
2159 1424 2591 1478 vnaunsmo
2635 1411 2937 1478 statuere
2981 1404 3226 1478 saltem
3275 1404 3719 1478 videbantur:
3795 1406 4122 1484 nQuauto

1083 1522 1533 1620 'mysterium
1600 1523 1885 1621 aliquod
1957 1521 2271 1596 divinum
2340 1522 2564 1620 magis
2630 1522 2839 1597 fuerit
2909 1522 3250 1598 absonum
3310 1532 3382 1597 et
3436 1523 3880 1611 incredibile,
3931 1533 4122 1600 tanto

1084 1642 1287 1740 nplus
1347 1641 1421 1715 in
1494 1642 1836 1716 credendo
1906 1641 2275 1716 exhibetur
2342 1641 2622 1716 honoris
2695 1644 2846 1717 Deo
2915 1653 2989 1718 et
3055 1644 3135 1716 fit
3206 1643 3484 1718 victoria
3535 1644 3702 1717 fidei
3755 1644 4119 1720 nobilior.''

1075 1761 1234 1834 Hoc
1298 1760 1507 1836 modo
1575 1761 1710 1858 ipsi
1770 1761 2103 1859 Theologi
2171 1761 2702 1859 Scepticismum
2763 1763 3095 1837 excitasse
3142 1760 3420 1836 dicendi
3463 1771 3670 1851 sunt,
3721 1786 3923 1851 nam,
3973 1763 4122 1862 ipsa

1075 1879 1359 1952 historia
1427 1886 1646 1967 teste,
1716 1880 2073 1954 infirmum
2139 1890 2455 1955 nostrum
2520 1905 2743 1980 genus
2808 1907 2993 1958 nunc
3042 1881 3132 1957 ab
3175 1881 3345 1968 hac,
3396 1906 3584 1956 nunc
3629 1882 3718 1956 ab
3773 1882 3890 1956 illa
3927 1891 4122 1982 parte

1074 1998 1363 2073 modum
1431 2000 1759 2074 excedere
1841 2000 2055 2088 solet,
2124 2024 2353 2098 neque
2407 2000 2529 2074 diu
2579 2001 2650 2075 in
2707 2002 2936 2077 medio
2991 2026 3268 2076 manere
3316 2026 3518 2099 posse
3572 2002 3883 2091 videtur,
3930 2003 4121 2102 quod

1075 2125 1305 2192 tenere
1352 2118 1682 2192 dicuntur
1730 2118 1937 2194 beati.
2042 2120 2225 2194 Cum
2268 2121 2378 2194 his
2427 2130 2663 2195 autem
2714 2122 3145 2223 Scepticismi
3189 2121 3538 2210 fontibus,
3591 2131 3670 2198 ut
3709 2122 3811 2197 ita
3853 2123 4120 2211 dicam,

1072 2228 1519 2337 theologiciS,
1590 2239 1728 2313 iam
1798 2239 2201 2314 coniunctas
2270 2238 2584 2315 videmus
2649 2242 2986 2338 politicas.
3091 2239 3429 2338 Spiritum
3504 2239 3700 2315 illum
3762 2240 4120 2314 innuimus

1072 2357 1532 2447 effrenatum,
1583 2358 2072 2447 libidinosum,
2124 2359 2316 2432 omni
2368 2359 2761 2433 auctoritati
2813 2360 3084 2434 divinae
3140 2358 3624 2458 humanaeque
3677 2361 4118 2460 oppositum,

1072 2478 1195 2577 qui
1232 2477 1693 2553 revolutiones
1735 2478 2004 2578 peperit
2040 2485 2177 2553 non
2220 2480 2727 2567 numerandas,
2771 2480 3051 2568 altaria,
3091 2477 3372 2553 thronos
3415 2477 3796 2568 subvertit,
3837 2479 4120 2554 rationis

1072 2597 1585 2696 voluntatisque
1660 2597 2008 2674 humanae
2076 2598 2550 2673 autonomiam
2614 2598 3098 2697 proclamavit,
3169 2598 3382 2672 nullis
3431 2597 3773 2674 limitibus
3819 2598 4120 2699 amplius

1070 2718 1790 2794 circumscribendam.
1858 2718 2372 2794 Humanismus
2415 2717 2944 2792 christianismo
2990 2716 3507 2817 opponebatur3
3558 2718 3838 2793 nomine
3879 2719 4116 2794 frater·

1068 2863 1199 2914 nae
1270 2821 1711 2937 aequalitatis
1784 2839 2017 2913 omnia
2071 2838 2345 2914 vincula
2416 2837 3000 2926 dilacerabantur;
3073 2837 3465 2914 libertatem
3539 2863 3678 2913 non
3751 2837 3926 2914 adeo
4001 2863 4120 2938 per
4187 2877 4204 2894 ·

1071 2956 1430 3031 Christum
1460 3015 1479 3043 ,
1531 2979 1744 3055 quam
1792 2956 2076 3054 quidem
2126 2966 2319 3033 extra
2358 2957 2717 3033 Christum
2771 2982 2983 3057 quam
3029 2956 3311 3058 plurimi
3353 2957 3815 3058 quaerebant3
3867 2957 4116 3047 verbo,

1070 3076 1255 3150 faces
1334 3074 1644 3173 undique
1714 3076 2305 3166 accendebantur,
2381 3079 2500 3153 Sol
2549 3079 2698 3177 ipse
2748 3078 3273 3155 obscurabatur.
3379 3083 3581 3159 Quae
3633 3103 3880 3155 causae
3926 3078 4115 3153 theo·

1074 3194 1337 3294 logicae
1411 3204 1483 3268 et
1546 3194 1859 3292 politicae
1930 3219 2013 3269 eo
2078 3198 2301 3296 magis
2383 3197 2832 3297 Scepticismo
2894 3198 3118 3272 favere
3187 3198 3538 3274 debebant
3561 3256 3580 3287 ,
3643 3199 3810 3297 quia
3869 3198 4114 3273 intime

1069 3314 1476 3389 coniunctae
1549 3323 1747 3388 erant
1810 3339 1971 3389 cum
2040 3317 2217 3389 nova
2288 3317 2593 3415 quadam
2649 3319 3176 3415 philosophandi
3240 3322 3523 3394 ratione.
3647 3319 4110 3417 Nequaquam

1072 3434 1451 3536 opinemini
1502 3434 1746 3522 velim,
1800 3458 1910 3508 me
1962 3435 2372 3535 adstipulari
2420 3437 2556 3511 illis
2603 3436 3010 3536 TheologiS‚
3062 3437 3225 3536 qui,
3277 3438 3465 3513 haud
3505 3462 3660 3513 raro
3701 3439 3932 3513 crassa
3978 3436 4114 3511 Mi·

1073 3554 1282 3630 nerva
1352 3555 1633 3653 altoque
1698 3556 2061 3654 supercilio
2131 3556 2636 3657 philosophiam
2684 3557 2908 3655 ipsam
2962 3564 3436 3633 contemnunt.
3529 3558 3769 3637 nQuid
3815 3582 3954 3631 non
4003 3581 4115 3631 so-

1070 3675 1217 3750 lum
1272 3675 1540 3749 litterae
1565 3732 1584 3763 ‚
1638 3675 1759 3747 sed
1815 3675 1987 3773 quid
2038 3675 2189 3773 ipsa
2240 3676 2379 3751 vita
2431 3676 2578 3751 sine
2631 3676 3064 3777 philosophia
3113 3687 3219 3751 est
3267 3678 3324 3769 ¹)
3349 3678 3434 3751 2³⁹⁹
3508 3678 3744 3777 Diligo
3790 3677 4116 3776 equidem

1070 3802 1143 3869 et
1212 3796 1282 3869 in
1359 3794 1519 3868 sinu
1584 3802 1857 3893 gestare
1923 3794 2113 3869 haud
2163 3794 2476 3870 desinam
2530 3820 2932 3895 germanam
2983 3795 3488 3896 philosophiam
3539 3797 3771 3887 illam,
3833 3797 3974 3896 qua
4023 3796 4117 3871 ad

1070 3914 1535 4013 cognitionem
1584 3938 1819 3988 eorum
1869 3915 2362 4004 conducimur‚
2415 3940 2594 4014 quae
2633 3917 2772 3991 fide
2810 3916 2950 3992 iam
2991 3940 3268 3991 eramus
3316 3916 3648 4017 amplexi:
3699 3917 3824 4017 qui
3869 3915 4117 3991 foedus

1080 4034 1593 4108 sanctissimum
1669 4034 1844 4109 hanc
1912 4036 2095 4109 inter
2163 4034 2665 4136 philosophiam
2737 4045 2810 4111 et
2891 4036 3307 4135 theologiam
3375 4038 3676 4135 rumpit,
3747 4044 4115 4135 utramque

1076 4151 1169 4225 ad
1240 4159 1531 4226 mortem
1598 4153 2036 4227 condemnat.
2138 4154 2277 4229 Sed
2342 4155 2591 4255 optimi
2655 4156 3002 4254 corruptio
3067 4153 3368 4254 pessima
3387 4214 3408 4243 ,
3457 4164 3528 4231 et
3577 4157 3636 4231 si
3682 4154 4118 4257 philosophia

1079 4267 1283 4343 nobis
1327 4270 1554 4367 placet
1578 4327 1597 4358 ,
1648 4271 1960 4370 Reginae
2010 4272 2424 4373 Theologiae
2467 4300 2606 4349 non
2647 4274 2896 4350 ancilla
2932 4274 3143 4363 adeo,
3195 4299 3406 4374 quam
3441 4273 3854 4376 pulcerrima
3893 4296 4114 4363 soror,

1080 4386 1305 4474 eheu,
1375 4392 1447 4459 et
1516 4385 1722 4461 aliam
1791 4388 2149 4477 novimus,
2218 4417 2398 4492 quae
2461 4393 2692 4468 indole
2772 4396 2900 4469 sua
2961 4394 3126 4469 fidei
3177 4396 3608 4472 Christianae
3661 4394 4120 4469 fundamenta

1078 4504 1493 4579 imminuere
1512 4563 1532 4592 ,
1598 4506 2130 4605 Scepticismum
2176 4511 2358 4587 alere
2415 4512 2680 4589 debuit.
2784 4514 2966 4594 Quis
3016 4516 3205 4591 enim
3255 4540 3506 4616 negare
3557 4524 3825 4617 potest,
3871 4514 4114 4613 Empi-

1158 4766 1206 4845 ⁸)
1246 4784 1301 4827 n.
1346 4784 1403 4826 A.
1448 4784 1702 4829 mosa.
