4728 5991
1848 607 2412 678 ORATIO.
3513 610 3642 678 261

698 819 959 894 Verum
1024 817 1305 894 obiiciat
1369 816 1529 918 quis
1590 817 1877 892 fortasse
1894 875 1915 906 ,
1984 841 2123 892 non
2184 841 2428 892 omnes
2474 817 2715 892 Patres
2765 817 3009 894 eadem
3059 817 3320 892 ratione
3369 818 3460 892 de
3505 817 3644 894 vita

600 938 853 1015 caelibe
898 947 973 1013 et
1022 937 1323 1012 solitaria
1386 936 1621 1037 loqui,
1687 936 1997 1035 adeoque
2060 961 2199 1011 non
2270 937 2682 1013 auctoritate
2747 938 3001 1038 pollere
3065 961 3184 1013 eos
3203 996 3224 1027 ,
3289 937 3414 1037 qui
3463 937 3642 1014 hanc

602 1067 951 1158 tantopere
988 1056 1517 1146 commendent,
1568 1081 1789 1156 quum
1846 1080 1985 1131 non
2042 1082 2221 1156 quae
2274 1083 2317 1132 a
2373 1056 2728 1132 nonnullis
2775 1057 2962 1133 dicta
3003 1057 3177 1146 sint,
3232 1057 3355 1132 sed
3397 1082 3480 1132 ea
3531 1082 3637 1132 so-

601 1177 991 1266 lummodo,
1054 1175 1131 1250 in
1191 1175 1451 1276 quibus
1497 1175 1739 1250 Patres
1784 1175 2255 1265 consentiant,
2304 1176 2376 1251 in
2427 1176 2640 1251 rebus
2687 1176 2852 1252 fidei
2895 1185 2968 1252 et
3019 1203 3291 1252 morum
3341 1177 3636 1253 auctori·

600 1307 810 1374 tatem
862 1296 1165 1372 habeant
1214 1303 1469 1372 certam
1524 1304 1597 1370 et
1642 1295 2053 1371 absolutam.
2106 1295 2452 1394 Equidem
2476 1355 2496 1386 ,
2545 1296 2900 1372 auditores
2921 1357 2940 1387 ,
2991 1296 3361 1373 concedere
3413 1297 3635 1371 haud-

602 1441 949 1516 quaquam
1012 1440 1333 1515 possum,
1404 1415 1645 1490 Patres
1708 1415 2019 1514 singulos
2088 1415 2397 1514 potuisse
2463 1441 2685 1490 errare
2705 1473 2728 1506 ,
2797 1417 2941 1492 imo
3009 1447 3043 1486 n
3062 1418 3328 1516 aliquos
3390 1417 3636 1492 saltem

600 1561 855 1611 errores
908 1535 1201 1610 maiores
1263 1534 1643 1610 minoresve
1710 1535 1783 1609 in
1848 1559 2089 1610 eorum
2152 1535 2424 1635 scriptis
2489 1535 2895 1636 singulatim
2948 1538 3198 1612 sumtis
3257 1536 3632 1624 contineri,

600 1680 857 1730 errores
920 1655 1133 1730 etiam
1200 1663 1439 1730 contra
1508 1654 1797 1744 fidem,”
1859 1654 1987 1729 sed
2048 1654 2367 1743 eosdem,
2439 1655 2500 1730 si
2541 1656 2723 1731 inter
2775 1681 2851 1730 se
2907 1656 3379 1745 consentiant,
3428 1680 3634 1731 omne

600 1799 867 1874 semper
928 1773 1311 1872 periculum
1370 1773 1643 1848 errandi
1710 1773 2022 1848 evitasse.
2124 1774 2234 1847 Sit
2296 1799 2456 1848 vero
2515 1775 2650 1850 ital
2732 1777 2834 1850 At
2879 1800 3174 1875 quaero,
3222 1776 3294 1850 in
3343 1775 3632 1874 quibus-

596 1917 759 1970 nam
822 1893 1031 1968 rebus
1094 1891 1465 1967 unanimus
1516 1893 1801 1968 Petrum
1862 1917 2239 1968 consensus
2293 1892 2904 1992 deprehendatur?
3013 1895 3236 1969 Docet
3301 1921 3426 1970 nos
3485 1895 3633 1994 ipse

598 2037 803 2113 supra
867 2019 1289 2087 memoratus
1358 2035 1804 2101 assuisse,
1880 2037 2083 2086 oraro
2145 2012 2526 2087 admodum
2593 2022 2666 2088 et
2735 2013 3171 2114 paucissimis
3231 2023 3504 2091 tantum
3560 2016 3632 2089 in

596 2133 759 2209 locis
811 2132 1155 2207 eiusmodi
1206 2133 1495 2206 Patrum
1549 2133 2009 2207 consensum”
2063 2133 2325 2207 adesse.
2405 2133 2617 2211 Quod
2663 2133 3098 2209 verissimum
3145 2142 3272 2210 est.
3349 2135 3632 2211 Nedum

596 2255 665 2328 in
734 2254 1059 2352 dogmate
1120 2251 1207 2326 de
1252 2252 1517 2326 Christi
1565 2275 1855 2352 persona
1904 2275 2281 2326 consensus
2334 2251 2704 2328 unanimus
2751 2255 2942 2354 apud
2979 2255 3220 2328 Patres
3263 2254 3634 2334 invenitur.

596 2375 681 2448 In
732 2373 1021 2448 concilio
1072 2371 1420 2461 Nicaeno,
1470 2397 1653 2447 anno
1698 2371 2177 2446 trecentesimo
2222 2370 2557 2472 vigesimo
2609 2372 2894 2471 quinto,
2958 2374 3312 2449 decretum
3365 2385 3472 2450 est
3517 2377 3633 2451 Fi-

596 2492 765 2566 lium
836 2491 962 2566 Dei
1031 2515 1181 2565 esse
1254 2493 1667 2589 ὁμοούσιον
1732 2501 1839 2592 τῷ
1900 2493 2167 2591 πατρὶ,
2234 2501 2307 2566 et
2374 2492 2564 2591 apud
2613 2493 2854 2568 Patres
2907 2493 3420 2569 Ecclesiasticos
3440 2554 3459 2584 ,
3511 2498 3634 2596 qui

596 2621 831 2712 postea
896 2611 1251 2700 vixerunt,
1322 2614 1617 2688 occurrit
1684 2612 1909 2687 ubivis
1971 2612 2317 2701 doctrina,
2388 2612 2648 2687 Filium
2711 2613 2782 2687 in
2843 2613 3170 2688 omnibus
3233 2615 3384 2688 Deo
3443 2616 3636 2690 Patri

597 2755 743 2806 esse
809 2732 1165 2830 aequalem
1192 2789 1209 2819 ,
1280 2731 1411 2806 hoc
1480 2756 1619 2806 uno
1676 2738 2001 2830 except0,
2066 2732 2323 2806 Filium
2373 2756 2524 2806 esse
2569 2732 2884 2830 genitum
2906 2790 2926 2821 ,
2976 2733 3252 2807 Patrem
3311 2757 3470 2808 vero
3525 2735 3631 2809 in-

596 2853 931 2951 genitum.
1036 2851 1251 2930 Quod
1303 2859 1537 2926 autem
1586 2850 1997 2926 creberrime
2052 2851 2319 2926 dictum
2364 2855 2515 2939 est,
2564 2849 2728 2924 inde
2772 2850 2864 2925 ab
2911 2850 3151 2940 initio,
3201 2851 3376 2927 hanc
3421 2853 3634 2928 totius

594 2972 939 3048 Ecclesiae
983 2969 1415 3048 Christianae
1464 2972 1846 3048 doctrinam
1895 2970 2109 3045 fuisse
2160 2995 2456 3069 eamque
2497 2994 2738 3045 omues
2785 2971 3026 3045 Patres
3067 2969 3408 3071 professos
3447 2995 3633 3062 esee,

596 3116 753 3166 cum
826 3090 1111 3167 veritate
1172 3091 1457 3167 minime
1512 3092 1853 3167 convenit.
1954 3092 2041 3165 In
2091 3090 2378 3165 concilio
2430 3090 2878 3179 Antiochiae,
2931 3116 3112 3165 anuo
3162 3091 3637 3167 ducentesimo

596 3210 1021 3309 sexagesimo
1076 3232 1260 3284 nono
1312 3210 1590 3298 habito,
1637 3210 1933 3285 formula
1955 3268 1975 3299 ,
2025 3209 2280 3285 Filium
2332 3235 2482 3285 esse
2528 3212 2944 3306 ὁμοσύσιον
2993 3220 3100 3310 τῷ
3149 3216 3424 3311 πατρί,
3473 3236 3634 3285 con·

598 3329 921 3404 demnata
986 3336 1093 3402 est
1112 3386 1131 3416 ,
1193 3338 1263 3403 et
1323 3354 1543 3405 Anius
1617 3328 1767 3404 iure
1818 3330 2203 3429 meritoque
2255 3329 2596 3405 declarare
2637 3332 2866 3430 potuit
2887 3389 2907 3419 ,
2957 3356 3179 3430 quum
3227 3330 3300 3404 in
3347 3330 3638 3429 epistola

595 3450 681 3524 ad
746 3471 1288 3537 ALExANDRUM,
1360 3449 1757 3549 episcopum
1827 3448 2332 3537 Alexandriae,
2401 3450 2815 3523 sententiam
2889 3473 3081 3523 suam
3111 3508 3128 3536 ,
3193 3448 3326 3522 Dei
3378 3448 3635 3523 Filium

594 3592 731 3643 non
780 3566 871 3642 ab
920 3574 1199 3642 aeterno
1246 3567 1461 3643 fuisse
1479 3626 1500 3657 ,
1552 3569 1677 3643 sed
1726 3568 2005 3643 initium
2052 3568 2233 3643 vitae
2284 3566 2608 3643 habuisse
2631 3626 2651 3655 ‚
2702 3567 3143 3655 defenderet,
3195 3592 3270 3641 se
3319 3566 3593 3641 credere
3612 3623 3633 3654 ,

582 3688 779 3785 -quod
849 3686 1085 3785 proavi
1148 3686 1623 3763 credidissent.
1745 3687 2019 3762 Nullibi
2090 3687 2162 3761 in
2236 3686 2508 3785 scriptis
2581 3688 2868 3761 Petrum
2890 3745 2910 3775 ,
2986 3687 3112 3786 qui
3185 3694 3346 3759 ante
3407 3686 3632 3759 conci·

595 3806 765 3881 lium
821 3806 1208 3880 Nicaenum
1270 3806 1691 3895 floruerunt,
1755 3807 1843 3881 de
1900 3807 2177 3881 Christo
2230 3814 2563 3904 tanquam
2611 3807 2762 3881 Deo
2807 3814 3086 3879 aeterno
3133 3812 3203 3878 et
3247 3806 3632 3904 ὁμοουσίῳ

594 3936 697 4024 τῷ
760 3932 1001 4024 πατρί
1058 3950 1283 3999 sermo
1349 3934 1497 4016 est;
1568 3926 1818 4001 nullibi
1875 3927 1947 4000 in
2010 3927 2147 4001 illis
2216 3925 2542 4013 docetur,
2609 3925 2964 3999 Christum
3027 3926 3180 3998 Deo
3246 3923 3439 3999 Patri
3482 3948 3633 4001 esse

596 4046 987 4144 aequalem3
1060 4046 1183 4119 sed
1251 4044 1479 4119 ubivis
1545 4047 1786 4121 Patres
1848 4046 2333 4121 ante-Nicaeni
2377 4046 2466 4120 de
2513 4044 2792 4118 Christo
2835 4042 3254 4142 loquuntur,
3297 4051 3632 4143 tanquam

595 4164 665 4239 in
724 4164 1053 4239 omnibus
1110 4166 1261 4239 Deo
1328 4165 1519 4240 Patri
1578 4163 1901 4240 inferiori.
2002 4163 2311 4240 Plurima
2373 4165 2654 4264 quidem
2723 4164 2870 4239 loca
2928 4187 3014 4238 ex
3075 4188 3314 4238 eorum
3363 4164 3636 4263 scriptis

598 4284 789 4358 citari
847 4291 1175 4383 possunt,
1235 4283 1307 4357 in
1358 4284 1617 4383 quibus
1666 4283 1993 4361 Christus
2036 4283 2420 4383 appellatur
2463 4284 2702 4373 Deus,
2754 4308 2934 4383 quae
2987 4306 3196 4359 causa
3239 4308 3389 4358 esse
3447 4283 3633 4358 vide-

592 4411 753 4492 ·tur,
841 4428 963 4477 cur
1040 4402 1439 4478 etiamnunc
1520 4403 1727 4478 multi
1802 4403 1936 4477 sibi
2012 4428 2420 4502 persuasum
2496 4403 2839 4492 habeant,
2919 4401 3006 4477 de
3076 4403 3310 4477 divina
3375 4403 3636 4477 Christi

598 4528 843 4598 natura
902 4523 1192 4599 eandem
1256 4547 1525 4622 semper
1582 4522 1655 4597 in
1702 4522 2013 4601 Ecclesia
2054 4523 2475 4598 sententiam
2517 4523 2816 4599 valuisse
2837 4582 2856 4611 ,
2909 4522 3031 4597 sed
3076 4547 3378 4621 quonam
3427 4546 3636 4597 sensu

596 4644 1073 4743 accipiendum
1138 4641 1231 4715 sit
1250 4700 1271 4731 ,
1346 4642 1407 4716 si
1472 4642 1793 4719 Christus
1859 4645 1949 4719 ab
2014 4644 2149 4719 illis
2218 4643 2546 4719 Patribus
2607 4646 2802 4718 Deus
2869 4652 3181 4731 vocetur,
3248 4666 3377 4715 nos
3437 4641 3636 4715 docet

598 4786 1147 4839 warmannus
1170 4820 1190 4851 ,
1241 4761 1516 4851 dicens,
1559 4792 1595 4834 n
1617 4764 1827 4840 deum
1866 4788 2235 4841 commune
2272 4762 2686 4839 vocabulum
2720 4763 2978 4838 factum
3017 4786 3167 4836 esse
3202 4761 3367 4836 vitio
3393 4761 3636 4835 erroris
