4728 5991
1157 599 1248 665 54
2254 595 2336 662 G.
2406 596 2488 664 G.
2559 595 3139 664 PLUYGERS

1153 823 1423 904 magna
1461 827 1548 878 ex
1595 811 1790 904 parte
1829 804 2174 904 privatum
2217 824 2375 879 ease
2391 859 2415 894 ,
2472 804 2821 901 praesenti
2864 803 2935 878 in
2984 809 3457 904 praeceptores
3506 802 3689 904 grati
3728 804 3947 880 animi
3985 797 4201 906 signi·

1159 923 1499 1000 ficatione.
1599 924 1926 1024 Namque
1967 945 2205 999 eorum
2255 922 2552 998 virorum
2595 947 2777 1022 quos
2828 923 3227 999 adolescens
3262 921 3500 998 audivi
3536 945 3928 1024 ‚perpaucos
3958 946 4199 1026 vsuper-

1152 1066 1310 1119 esse
1387 1041 1621 1133 vide03
1697 1043 1796 1118 Te
1863 1042 2307 1145 superstitem
2374 1065 2526 1116 esse
2546 1099 2569 1132 ,
2650 1042 2911 1142 optime
2982 1065 3169 1118 nam
3189 1100 3210 1131 ‚
3293 1042 3659 1143 egregium
3729 1041 3867 1120 Dei
3938 1043 4193 1120 benefi-

1153 1162 1344 1240 cium
1401 1162 1581 1238 duco
1601 1219 1622 1251 ‚
1687 1163 1788 1238 'I'e
1856 1163 2098 1238 adesse
2153 1161 2541 1237 maximum
2595 1162 2807 1238 huius
2854 1162 2996 1238 diei
3042 1172 3551 1240 ornamentum.
3654 1164 3794 1239 Oui
3848 1173 4195 1265 quantum

1154 1280 1308 1383 ipse
1363 1282 1740 1382 praecipue
1803 1281 2094 1358 debeam
2159 1282 2333 1358 alias
2404 1307 2537 1384 ego
2598 1282 2937 1360 declaravi
2954 1338 2977 1374 ,
3041 1290 3387 1382 quantum
3441 1283 3904 1360 communiter
3956 1303 4199 1362 omnes

1157 1402 1481 1503 discipuli
1543 1427 1768 1503 nuper
1829 1403 2250 1502 praedicavit
2307 1401 2409 1477 vir
2438 1403 2696 1477 doctus
2740 1409 2813 1478 et
2855 1401 3155 1478 disertus
3172 1461 3192 1493 ,
3242 1401 3367 1501 qui
3414 1402 3515 1478 ita
3559 1404 3877 1480 eruditus
3918 1427 4008 1480 ex
4052 1406 4201 1482 'I'ua

1153 1522 1521 1623 disciplina
1563 1545 1882 1624 egressus
1899 1545 1906 1554 ·
1923 1530 2032 1597 est
2052 1580 2074 1611 ,
2123 1531 2206 1596 ut
2247 1529 2322 1596 et
2359 1521 2940 1621 iurisprudentiae
2973 1521 3507 1623 amplitudinem
3547 1523 3891 1623 praeclare
3924 1531 4201 1600 tucatur

1155 1652 1229 1719 et
1283 1645 1356 1719 in
1409 1645 1665 1719 nostris
1707 1643 1964 1718 studiis
2010 1641 2272 1743 possit,
2325 1642 2387 1716 si
2430 1665 2579 1716 sese
2616 1640 2973 1741 accingere
3012 1643 3221 1732 velit,
3268 1663 3433 1718 oum
3472 1641 3801 1718 omnibus
3838 1643 3929 1718 de
3972 1643 4199 1744 palma

1154 1763 1595 1840 contendere.
1715 1761 1896 1836 Vere
1967 1761 2184 1861 igitur
2249 1781 2792 1836 eounsm'r‘rrcs
2854 1769 3123 1851 noster,
3190 1783 3357 1837 cum
3410 1785 3498 1836 ex
3552 1762 3682 1838 hoe
3732 1763 3883 1838 loco
3930 1762 4087 1838 fuse
4120 1770 4197 1838 ct

1150 1883 1427 1983 copiose
1481 1881 1890 1981 explicaret,
1959 1903 2142 1980 quae
2195 1887 2268 1954 et
2325 1887 2589 1980 quanta
2641 1880 2976 1957 beneficia
3026 1882 3137 1956 'l'u
3192 1881 3264 1957 in
3312 1879 3695 1982 ‘discipulos
3746 1890 3907 1958 tuos
3956 1889 4192 1958 contu-

1151 2003 1387 2091 lisses‚
1449 2027 1611 2077 cum
1673 2001 1808 2076 alia
1863 2000 2115 2076 eximia
2175 2000 2264 2074 de
2320 2000 2421 2074 Te
2480 2001 3043 2076 commemoravit
3060 2059 3082 2090 ,
3132 2008 3288 2076 tum
3334 2023 3493 2075 vero
3536 2000 3717 2076 hanc
3754 1999 4192 2102 praecipuam

1153 2120 1317 2198 'l'ibi
1377 2145 1464 2196 ex
1511 2121 1727 2196 animi
1779 2121 1919 2196 mei
1969 2119 2312 2194 sententia
2363 2118 2641 2194 laudem
2692 2119 3053 2209 attribuit,
3104 2121 3276 2196 Tuis
3324 2119 3767 2222 potissimum
3812 2118 4189 2220 praeceptis

1149 2241 1478 2318 effectum
1525 2265 1676 2318 esse
1694 2299 1714 2331 ,
1767 2249 1848 2316 ut
1889 2239 2106 2316 libero
2123 2239 2375 2316 animo
2416 2264 2497 2316 ac
2542 2239 2693 2314 sine
2732 2239 3219 2340 superstitione
3253 2249 3565 2317 veterum
3608 2239 3865 2338 scripta
3902 2245 4191 2314 tractae

1135 2360 1622 2438 didicerimus.
1721 2361 1818 2436 Et
1875 2382 2033 2435 vero
2051 2417 2074 2448 ‚
2137 2381 2320 2435 nam
2341 2416 2364 2449 ,
2435 2381 2576 2434 non
2644 2367 2923 2436 tantum
2982 2361 3055 2434 in
3104 2361 3411 2460 antiquis
3463 2359 3711 2435 litteris
3760 2366 3945 2436 recte
3988 2357 4188 2435 aesti-

1141 2481 1426 2557 mandis
1445 2540 1466 2571 ‚
1531 2480 1654 2556 sed
1705 2481 1788 2555 in
1849 2487 1996 2556 tota
2043 2479 2186 2556 vita
2239 2479 2417 2554 bene
2462 2477 2895 2556 instituenda
2946 2487 3303 2580 perspecta
3348 2487 3457 2557 est
3498 2479 3653 2554 Tua
3696 2479 3977 2580 egregia
4028 2503 4190 2580 pru·

1144 2600 1388 2676 >dentia
1419 2608 1502 2676 et
1553 2601 1930 2694 moderatio
1981 2598 2391 2699 singularisz
2458 2607 2539 2674 ut
2586 2598 2647 2674 si
2684 2598 2775 2674 ad
2820 2599 3127 2699 aliquam
3170 2600 3313 2675 nive
3360 2599 3638 2676 virtutis
3686 2599 3831 2676 sive
3876 2598 4191 2675 hnmani·
4288 2585 4295 2592 ⁶

1029 2727 1038 2738 “
1140 2722 1308 2798 tatis
1357 2722 1846 2798 excellentiam
1923 2718 2517 2794 contendebamus
2534 2774 2557 2807 ,
2622 2717 2891 2795 illustre
2942 2719 3055 2795 Tu
3102 2720 3306 2796 nobis
3350 2720 3751 2821 exemplum
3802 2719 4190 2821 propositus

1131 2863 1334 2914 esses
1375 2840 1570 2938 quod
1619 2839 2051 2913 intueremur
2103 2843 2177 2910 et
2218 2835 2671 2911 imitaremur.
2736 2835 2837 2910 Te
2853 2894 2876 2927 ‚
2923 2835 3053 2911 Vir
3092 2839 3684 2940 praestantissime
3706 2897 3729 2930 ,
3778 2839 4060 2939 qualem
4092 2839 4190 2914 'l'e

1149 2959 1356 3033 hodie
1417 2958 1618 3033 video
1636 3015 1657 3047 ,
1725 2955 2028 3057 eorporis
2089 2951 2379 3053 quidem
2442 2953 2839 3031 valetudine
2903 2955 3142 3033 leviter
3204 2981 3333 3059 per
3389 2966 3689 3035 aetatem
3730 2957 3981 3035 affecta
3999 3017 4022 3050 ‚
4066 2957 4191 3035 sed

1143 3076 1370 3151 firmis
1432 3075 1650 3151 animi
1720 3076 1982 3150 viribus
2047 3072 2441 3173 mentisque
2497 3073 2829 3151 -acumine
2894 3076 3295 3178 incorrupto
3312 3134 3335 3167 ,
3402 3074 3615 3154 talem
3666 3076 3767 3155 Te
3812 3076 4021 3153 nobis
4064 3100 4191 3177 per

1149 3196 1411 3270 multos
1482 3220 1700 3269 annos
1765 3204 1845 3269 ut
1895 3193 2058 3269 velit
2127 3217 2527 3271 conservare
2594 3196 2931 3297 sospitare
2950 3254 2973 3288 ‚
3049 3198 3285 3274 Deum
3358 3196 3726 3299 Optimum
3795 3196 4187 3273 Maximum

1146 3338 1386 3415 precor
1434 3340 1514 3389 ac
1565 3338 1864 3390 veneror.

1241 3434 1464 3509 Tuam
1487 3492 1507 3521 ,
1559 3458 1740 3508 caru
1759 3492 1780 3523 ‚
1829 3434 2189 3508 florentem
2238 3431 2652 3533 beatamque
2706 3440 3135 3511 senectutem
3182 3434 3465 3511 intuens
3506 3434 3950 3513 acerbissima
4000 3438 4181 3538 cogi·

1146 3552 1404 3629 tatione
1449 3575 1882 3629 commoveor
1921 3564 2132 3652 atque
2175 3552 2569 3629 conturbor.
2638 3554 2847 3630 Nosti
2896 3576 3107 3654 quem
3154 3554 3380 3631 virum
3423 3554 3606 3631 inter
3631 3580 3891 3655 paucos
3920 3555 4180 3633 bonum
4329 3565 4338 3575 '

1143 3680 1216 3747 et
1261 3672 1700 3773 ingeniosum
1743 3672 2002 3748 Tecum
2045 3694 2441 3771 comparare
2492 3672 2883 3749 solebamus
2936 3682 3147 3773 atque
3195 3674 3345 3774 pari
3385 3674 3841 3752 admiratione
3890 3683 3965 3751 et
4012 3674 4177 3753 cari·

1141 3800 1286 3869 tate
1330 3793 1696 3894 complecti
1700 3850 1897 3871 .....
1977 3792 2165 3867 Tene
2219 3814 2458 3867 carum
2502 3802 2713 3893 caput
2760 3794 3012 3869 amoris
3059 3794 3545 3894 plenissimum
3567 3853 3588 3884 ‚
3638 3794 3829 3871 Tene
3881 3796 4064 3872 vitae
4104 3795 4175 3869 in

1137 3914 1330 3987 omni
1377 3912 1758 3988 officiorum
1804 3938 1884 3988 ac
1926 3911 2420 3988 beneficiorum
2472 3935 2725 4013 genere
2768 3912 3133 3989 collocatae
3188 3912 3591 3989 dulcissimo
3634 3912 3869 3991 fructu
3914 3930 4171 4004 carere,

1125 4040 1221 4108 ·ut
1291 4033 1509 4109 amari
1571 4033 1672 4107 Te
1741 4033 1998 4108 sentias
2060 4034 2533 4133 pietatemque
2581 4041 2886 4109 nostram
2942 4032 3312 4133 agnoscas!
3385 4033 3575 4109 Tene
3622 4033 3939 4109 divinum
3982 4034 4171 4133 inge-

1137 4152 1338 4225 nium
1395 4152 1602 4225 ·omni
1677 4151 2108 4229 humanitate
2183 4154 2676 4252 politissimum
2696 4211 2717 4244 ‚
2790 4154 2981 4229 Tene
3052 4154 3153 4230 ita
3218 4152 3553 4229 afflictum
3626 4146 3697 4228 et
3757 4172 4171 4253 oppressum

1137 4268 1359 4345 iacere
1379 4326 1400 4357 ‚
1467 4276 1549 4342 ut
1618 4268 1854 4344 vivum
1919 4293 2062 4344 non
2126 4270 2467 4345 viventem
2528 4271 2628 4345 'I'e
2678 4270 3045 4371 lugeamus
3096 4296 3224 4349 nec
3276 4271 3496 4373 possit
3543 4271 3737 4348 dolor
3774 4280 4012 4347 noster
4058 4270 4169 4347 de·

1135 4388 1390 4464 siderio
1439 4388 1680 4463 mortis
1726 4388 2005 4489 augerii

1233 4506 1501 4582 Verum
1565 4509 1725 4584 nolo
1792 4508 1922 4584 hoc
1979 4530 2294 4583 maerore
2355 4516 2789 4609 praesentem
2855 4510 2993 4585 diei
3061 4509 3393 4586 laetitiam
3452 4509 3829 4587 funestare.
3932 4510 4011 4585 Si
4054 4504 4164 4586 illo

1005 4656 1014 4663 ·
1135 4628 1319 4716 viro,
1391 4627 1531 4701 mei
1585 4652 1866 4729 semper
1909 4627 2385 4704 amantissimo
2433 4628 2709 4730 meique
2760 4630 3038 4705 honoris
3085 4630 3591 4707 studiosissimo
3608 4686 3631 4719 ,
3681 4630 4005 4706 orbatum
4058 4650 4163 4705 me

1135 4770 1286 4823 esse
1354 4746 1560 4823 hodie
1622 4747 1964 4849 imprimis
2013 4748 2303 4824 moleste
2335 4748 2493 4825 -ferc
2507 4782 2527 4841 3
2580 4750 2739 4850 quis
2784 4748 3118 4827 'Vestrum
3159 4747 3623 4827 admirabitur
3664 4750 3774 4826 vel
3822 4748 4159 4850 improba-
