4728 5991
1942 594 2499 663 oaAT1o
3352 576 3359 582 ’
3688 604 3731 673 a

687 810 952 879 veteres
1019 803 1138 879 isti
1203 801 1555 878 novissent
1621 826 1950 903 unquam.
2051 803 2423 903 Quidquid
2477 828 2677 905 porro
2724 804 3113 882 laboratum
3154 815 3260 884 est
3277 866 3299 899 ,
3352 816 3433 884 ut
3476 808 3729 909 iugum

684 922 1206 1000 Aristotelicum
1253 922 1699 999 toleraremus
1718 980 1739 1012 ,
1789 922 2220 998 excussimus
2266 924 2461 999 istud
2508 925 2791 1001 tandem
2813 984 2835 1015 ,
2888 932 2961 1001 et
3000 925 3099 1003 ita
3140 926 3575 1003 excussimus
3608 936 3728 1020 ut,

687 1044 812 1144 qui
870 1048 980 1122 vel
1037 1042 1336 1118 maxime
1398 1042 1864 1142 praeiudicata
1924 1043 2248 1142 opinione
2306 1042 2633 1120 obsessus
2686 1053 2828 1134 est,
2879 1069 3019 1121 non
3062 1047 3282 1146 possit
3330 1073 3469 1124 non
3517 1049 3728 1125 confi·

687 1164 818 1238 teri
879 1163 1246 1263 ingenium
1307 1163 1698 1238 humanum
1761 1188 1888 1239 nec
1942 1164 2237 1264 tempori
2292 1188 2420 1239 nec
2477 1164 2627 1241 loco
2675 1190 2825 1240 esse
2876 1165 3195 1266 ligatum.
3296 1170 3461 1248 Qua
3514 1169 3603 1244 de
3655 1193 3729 1246 re

689 1284 750 1359 si
799 1284 958 1383 quis
1003 1281 1324 1372 dubitet,
1375 1290 1624 1358 testem
1679 1283 1972 1360 citamus
2021 1283 2377 1359 historiam
2428 1286 2901 1385 proximorum
2948 1286 3336 1364 seculorum
3357 1346 3378 1378 ,
3439 1288 3515 1364 in
3558 1313 3730 1389 quo·

687 1430 843 1480 rum
905 1404 1364 1480 remotissimo
1429 1404 1889 1503 principatum
1941 1404 2013 1478 in
2069 1405 2278 1479 rebus
2332 1403 2836 1481 mathematicis
2892 1414 2964 1480 et
3013 1405 3315 1505 physicis
3368 1430 3731 1484 GALIIAEUS

687 1525 1143 1601 obtinuerunt
1199 1532 1271 1599 et
1333 1547 1730 1600 caarnsms
1750 1583 1771 1613 ‚
1809 1522 2141 1623 ‘quorum
2192 1524 2382 1599 hunc
2436 1550 2475 1599 e
2528 1524 2754 1601 Gallia
2774 1583 2795 1614 ,
2872 1524 3071 1601 illum
3118 1551 3203 1601 ex
3250 1526 3457 1602 Italia
3500 1536 3734 1603 ortum

687 1670 838 1721 esse
916 1645 1274 1734 novimus;
1360 1644 1434 1719 in
1513 1644 1728 1719 altero
1805 1644 2055 1720 deinde
2076 1702 2097 1734 ,
2178 1644 2399 1745 quod.
2445 1644 2723 1745 gloriari
2793 1644 2997 1720 nobis
3074 1644 3234 1720 licet
3257 1702 3279 1736 ‚
3349 1646 3732 1745 principem

687 1764 918 1841 locum
982 1766 1212 1842 tenuit
1269 1788 1644 1841 nuonmus
1705 1770 1975 1839 nostras
1995 1822 2016 1853 ‚
2090 1788 2254 1839 mox
2308 1765 2585 1865 Anglus
2652 1764 2767 1840 ille
2826 1764 3248 1840 clarissimus
3292 1788 3731 1857 nnwrouus3

684 1883 760 1959 in
799 1891 1036 1958 nostro
1081 1883 1312 1958 seculo
1351 1882 1656 1983 palmam
1702 1881 1986 1981 reliquis
2025 1869 2408 1982 praeripuit
2450 1906 2853 1959 numerus
2906 1883 3153 1959 Gallus
3172 1942 3193 1974 ,
3244 1909 3423 1983 quae
3471 1895 3734 1985 postre-

687 2028 884 2079 mum
931 2003 1142 2079 cessit
1194 2026 1502 2079 eausam
1550 2001 1828 2077 natione
1870 2004 2243 2079 Germano,
2562 2098 2573 2103 Ω

781 2125 987 2203 Quae
1057 2131 1297 2199 autem
1370 2122 1750 2221 plurimum
1817 2121 1946 2197 hac
2015 2122 2090 2197 in
2147 2147 2220 2197 re
2278 2122 2572 2198 valuisse
2618 2122 2966 2199 censenda
3014 2132 3159 2213 est,
3223 2124 3297 2200 in
3360 2149 3443 2200 eo
3490 2125 3745 2201 versari

685 2240 958 2317 videtur
1027 2266 1312 2331 caussa,
1384 2241 1578 2340 quod
1597 2298 1618 2329 ‚
1687 2240 1836 2341 qui‘
1885 2250 2206 2317 naturam
2273 2241 2408 2317 sibi
2460 2241 2953 2340 explorandam
3010 2252 3449 2333 sumserunt,
3510 2269 3743 2321 veram

691 2360 1023 2437 continuo
1077 2361 1298 2438 secuti
1353 2361 1491 2436 sint
1544 2361 1945 2460 explorandi
1991 2360 2423 2436 methodum.
2522 2360 2685 2435 Non
2736 2386 3075 2461 negamus
3124 2363 3411 2461 quidem
3459 2388 3503 2438 a
3546 2364 3736 2463 prin·

683 2479 956 2580 cipibus
1029 2481 1166 2557 illis
1184 2540 1205 2571 ,
1279 2506 1456 2580 quos
1519 2479 1728 2555 modo
1787 2481 2184 2573 nominavi,
2254 2480 2415 2555 viris
2484 2480 2824 2580 quaedam
2898 2480 3114 2556 fuisse
3182 2482 3605 2558 destruenda
3667 2490 3741 2559 et

683 2597 1070 2675 abiicienda
1088 2659 1109 2690 ,
1178 2626 1359 2700 quae
1435 2626 1478 2675 a
1538 2599 2009 2702 superioribus
2067 2607 2418 2677 exstructa
2468 2607 2666 2677 erant
2682 2633 2703 2690 3
2754 2598 2974 2674 nihilo
3028 2607 3264 2676 tamen
3313 2601 3547 2677 minus
3594 2601 3737 2677 sin·

684 2718 1012 2817 gulorum
1069 2720 1214 2795 fere
1268 2719 1536 2797 labores
1591 2720 1936 2797 eiusmodi
1977 2720 2194 2796 fuisse
2245 2720 2565 2796 videmus
2582 2778 2604 2812 ,
2654 2726 2736 2795 ut
2782 2718 3081 2819 quisque
3122 2744 3305 2819 quae
3356 2720 3742 2821 superiores

687 2835 1189 2912 inchoaverunt
1229 2839 1554 2939 persequi
1588 2846 1862 2937 posset,
1903 2845 2012 2929 et,
2058 2864 2236 2939 quae
2279 2845 2403 2917 aut
2442 2845 2628 2915 taeta
2665 2839 2873 2915 modo
2913 2846 3038 2916 aut
3073 2838 3477 2940 imperfecta
3502 2841 3741 2919 relicta

684 2963 882 3033 erant
900 3013 921 3045 ,
999 2956 1226 3058 magis
1300 2958 1664 3059 magisque
1732 2959 2056 3059 perficere
2129 2960 2423 3051 valeret,
2496 2957 2864 3036 exhaurire
2934 2984 3078 3037 non
3150 2960 3427 3040 valeret.
3500 2960 3747 3042 'Quod

693 3099 862 3152 sane
916 3099 1057 3152 non
1119 3078 1378 3154 mirum
1435 3077 1772 3156 videatur.
1873 3079 2176 3157 Animus
2229 3080 2420 3156 enim
2468 3079 2806 3169 hominis,
2855 3104 3283 3180 quamquam
3333 3081 3434 3157 ita
3474 3088 3747 3159 creatus

687 3203 834 3286 est,
879 3205 961 3272 ut
999 3197 1347 3298 inquirere
1396 3200 1619 3276 multa
1678 3205 1750 3273 et
1801 3199 2137 3298 inquisita
2175 3199 2563 3301 intelligere
2608 3199 2869 3300 possit,
2920 3199 3271 3299 quomodo
3318 3199 3393 3275 in
3442 3207 3743 3294 secreta,

684 3341 864 3416 quae
927 3341 970 3392 a
1048 3319 1390 3418 Supremo
1461 3318 1774 3394 Numine
1825 3317 2007 3395 facta
2056 3328 2222 3395 sunt
2243 3379 2264 3410 ,
2327 3345 2537 3420 opera
2575 3319 2674 3394 ita
2720 3324 3078 3418 penetret,
3146 3325 3229 3395 ut
3280 3343 3364 3395 ea
3411 3319 3741 3399 omnibus

692 3437 976 3513 omnino
1043 3439 1361 3538 partibus
1408 3439 1544 3514 sibi
1588 3438 1845 3514 habeat
1895 3439 2286 3539 explicata?
2360 3439 2520 3516 Hoc
2567 3439 2798 3539 ipsum
2850 3446 3088 3516 autem
3132 3439 3461 3515 omnibus
3506 3464 3741 3516 rerum

686 3558 1115 3633 naturalium
1178 3558 1725 3659 exploratoribus
1774 3559 1906 3634 erit
1953 3559 2478 3635 incitamentum
2503 3618 2524 3650 ,
2575 3583 2715 3658 quo
2766 3583 2904 3633 non
2960 3559 3186 3634 maius
3236 3583 3387 3634 esse
3432 3558 3739 3635 credide-

685 3677 818 3752 rim
838 3735 859 3766 ‚
916 3677 1108 3775 quod
1161 3703 1568 3778 persuasum
1613 3679 1747 3754 sibi
1786 3677 2090 3754 habeant
2129 3679 2405 3754 nullum
2448 3680 2677 3755 locum
2724 3678 2798 3752 in
2841 3702 3081 3753 eorum
3124 3677 3489 3776 disciplina
3534 3702 3771 3776 posse.

687 3798 971 3874 omnino
1041 3798 1459 3874 exhaustum
1527 3822 1677 3874 esse
1696 3857 1717 3888 ,
1787 3799 2216 3898 superiorum
2279 3799 2788 3898 exploratorum
2844 3796 3195 3871 neminem
3242 3819 3379 3870 non
3426 3795 3735 3894 potuisse

689 3938 914 3994 errare
935 3976 956 4008 ,
1024 3943 1406 4018 eorumque
1467 3943 1726 3994 errores
1784 3943 1826 3993 a
1889 3917 2131 4017 quovis
2178 3943 2379 4018 posse
2430 3916 2707 4014 detegi,
2758 3913 3013 3990 habeat
3056 3913 3265 3989 modo
3308 3914 3401 3989 ad
3446 3939 3605 3988 man
3615 3938 3733 3990 um
3852 3901 3863 3911 ’

689 4036 1189 4127 instrumenta,
1236 4038 1496 4138 quibus
1539 4037 1642 4112 illi
1670 4046 2057 4114 caruerunt.
2159 4039 2395 4117 Quam
2432 4034 2955 4135 persuasionem
2995 4033 3324 4134 equidem
3367 4033 3496 4109 hoc
3536 4058 3733 4134 mag·

689 4179 946 4255 nopere
989 4158 1296 4234 effecisse
1341 4157 1667 4247 arbitror,
1717 4165 1794 4232 ut
1835 4164 1940 4231 tot
1985 4165 2057 4231 et
2099 4165 2330 4231 tantos
2368 4155 2727 4231 videamus
2773 4178 3179 4254 progressus
3228 4160 3463 4229 nostra
3511 4160 3737 4229 aetate

692 4274 932 4352 factos.
983 4275 1146 4352 Non
1172 4276 1360 4352 enim
1409 4301 1686 4353 necesse
1731 4276 1861 4351 erit
1903 4299 2182 4350 monere
2218 4276 2534 4375 quemvis
2578 4275 3075 4376 exploratorem
3091 4332 3112 4363 ‚
3154 4273 3279 4373 qui
3314 4298 3440 4348 sua
3483 4273 3737 4348 habeat

691 4391 780 4468 de
811 4379 1060 4468 rerum'
1095 4402 1343 4490 natura
1387 4393 1640 4494 placita
1658 4450 1679 4481 ‚
1704 4393 1878 4468 nihil
1912 4393 2136 4493 magis
2171 4419 2424 4494 cupere
2461 4420 2672 4494 quam
2714 4396 2857 4470 sive
2900 4393 3309 4494 aequalibus
3336 4391 3478 4467 sive
3503 4399 3735 4492 poste·

691 4511 881 4588 ritati
921 4512 1290 4613 explanare
1319 4537 1401 4589 ea
1435 4511 1704 4588 veritati
1743 4536 1894 4588 esse
1933 4520 2414 4589 consentanea.
2477 4514 2636 4589 Hoc
2677 4521 2911 4589 autem
2952 4511 3066 4586 vix
3106 4511 3305 4586 aliter
3332 4509 3484 4585 fieri
3507 4517 3737 4610 potest

693 4655 906 4730 quam
950 4633 1371 4733 explorando
1389 4691 1410 4722 ,
1441 4657 1530 4707 an
1563 4631 1754 4732 quod
1781 4656 1863 4708 ex
1898 4630 2166 4731 placitis
2196 4631 2631 4708 concluditur
2648 4691 2669 4722 ,
2704 4629 3164 4732 experientiae
3194 4635 3735 4704 cousentaneum

699 4750 824 4841 sit,
875 4751 949 4827 id
991 4761 1100 4828 est
1117 4811 1139 4845 ,
1186 4753 1416 4853 ipsam
1456 4761 1774 4829 naturam
1811 4752 2318 4855 interrogando.
2386 4753 2472 4828 In
2517 4751 2772 4853 quibus
2807 4748 3463 4852 interrogationibus
3483 4806 3504 4838 ,
3545 4747 3737 4848 quod

3348 4871 3395 4942 2
