4728 5991
1268 1229 1737 1292 ACADEMIAE
1792 1229 2640 1292 RHENO·TBAIECTINAB
2696 1227 3194 1304 OUBATOBES,
3249 1229 3420 1290 VIBI
3473 1228 3822 1292 NOBILIS·

1348 1333 1550 1406 sun,
1594 1332 2079 1394 AMPLISSIMII

1266 1458 1409 1520 QUI
1450 1458 1585 1518 1118
1626 1459 1731 1518 AB
1776 1459 2001 1519 ACTIS
2042 1460 2164 1532 ΕΒ,
2206 1459 2347 1518 VIR.
2387 1457 3055 1535 CONSULTISSIMEl

1266 1583 1737 1644 ACADEMIAE
1776 1581 2095 1644 RECTOR
2134 1581 2614 1644 MAGmme

1266 1707 1855 1769 DOCTRINARUM
1917 1710 2021 1770 ΕΤ
2086 1708 2398 1769 ΑΒΤΙΗΜ
2459 1707 3032 1782 PROFESSOBES,
3109 1707 3280 1769 VIBI
3342 1705 3826 1780 CLARISSIMI,

1347 1810 1755 1873 LECTOBES
1796 1811 2280 1872 Doc'nssnffl

1266 1935 1412 1996 QUI
1450 1937 1540 1996 IN
1582 1937 1745 1996 HAG
1778 1936 2218 1997 PROVINCIA
2255 1936 2359 1994 ΕΤ
2393 1935 2606 1996 URBE
2643 1932 3098 1994 POTESTATE
3133 1933 3237 1994 ET
3268 1932 3830 2028 AUCTORITATE

1346 2037 1567 2098 ESTIS
1608 2039 2060 2111 CONSPICUI,
2104 2038 2275 2100 VIBI
2316 2035 2810 2098 GRAVISSIMII

1264 2163 1695 2226 SAGRORUM
1737 2159 2239 2238 ANTISTITES,
2280 2165 2453 2224 VIBI
2491 2159 2920 2224 PLURIMUM
2959 2157 3461 2223 VENEBANDII

1268 2287 1581 2350 ABTIUM
1635 2291 1904 2353 ATQUE
1966 2289 2592 2351 DISCIPLINARUM
2647 2286 3093 2360 DOGTORES,
3148 2287 3322 2348 VIBI
3373 2284 3834 2348 CONSULTIS·
3931 2371 3940 2380 ,

1351 2391 1555 2464 snm,
1596 2393 2083 2454 DOCTISSIMIl
2248 2459 2257 2468 ,

1260 2515 1509 2578 HUIUS
1551 2517 2017 2583 AGADEMIAE
2060 2517 2410 2590 ALUMNI.
2455 2514 3071 2577 COMMILITONES
3112 2508 3760 2578 EXOPTATISSIMII

1264 2640 1709 2705 QUOTQUOT
1768 2644 2131 2707 DENIQUE
2192 2643 2516 2704 ADESTIS
2578 2640 3159 2702 CUIUSCUMQUE
3218 2638 3439 2714 Locl,
3507 2639 3834 2704 OBDINIS

1350 2744 1511 2806 AUT
1552 2746 2053 2822 DIGNITATIS,
2095 2745 2546 2808 AUBITOBES
2587 2739 3158 2806 HUMANISSIMII

908 3101 1139 3179 Quam
1181 3102 1537 3203 discipulis
1574 3104 1949 3205 aliquando
1982 3110 2291 3209 optimus
2330 3106 2672 3208 Magister
2709 3104 3256 3195 commendavit,
3305 3112 3624 3183 accurata
3657 3112 3832 3181 tem-

796 3220 989 3321 poris
1044 3223 1397 3323 signorum
1444 3224 1831 3303 observatio
1874 3231 1935 3322 ¹)
1958 3287 1979 3318 ,
2044 3228 2311 3305 nemini
2358 3236 2544 3304 certe
2589 3226 2816 3327 magis
2855 3228 3178 3305 convenit
3215 3234 3428 3326 atque
3468 3226 3835 3318 conducit,

794 3365 1011 3440 quam
1064 3343 1415 3444 Theologo
1435 3404 1456 3436 ,
1506 3371 1769 3423 munus
1810 3348 2309 3427 Academicum
2353 3348 2644 3425 solemni
2685 3348 2826 3423 ritu
2866 3349 3324 3448 auspicatum.
3400 3349 3582 3428 Quis
3622 3357 3838 3425 nauta

790 3470 1029 3537 tutum
1103 3472 1381 3564 portum
1454 3466 1841 3567 relinquet,
1910 3494 2132 3568 quum
2208 3470 2524 3569 undique
2590 3468 2922 3568 procellas
2989 3468 3436 3545 imminentes
3509 3494 3836 3568 mareque

794 3582 1079 3659 turbido
1144 3584 1467 3683 aquilone
1528 3598 2067 3687 conquassatum
2133 3590 2273 3665 iam
2340 3590 2566 3665 videt!
2639 3588 2986 3669 Quisnam
3053 3588 3352 3689 agricola
3408 3596 3552 3665 tam
3629 3590 3835 3687 plane

794 3702 1097 3779 rusticus
1161 3705 1330 3795 erit,
1402 3713 1485 3781 ut
1527 3706 1619 3782 ad
1664 3716 1969 3783 aratrum
2016 3734 2302 3785 manum
2353 3709 2728 3799 immittat,
2801 3708 3084 3811 quando
3129 3708 3362 3785 omnia
3407 3707 3480 3783 in
3523 3716 3680 3783 aere
3725 3716 3836 3783 at-

794 3846 933 3921 que
1005 3823 1206 3899 terris
1280 3826 1641 3926 praesagia
1688 3828 2045 3929 inceptum
2092 3830 2494 3906 dissuadere
2537 3829 2900 3905 videntur!
2977 3826 3162 3902 Mihi
3207 3850 3364 3901 vero
3409 3850 3628 3924 quum
3692 3850 3831 3903 non

796 3942 1095 4042 amplius
1160 3944 1365 4021 liceat
1432 3945 1887 4024 haesitantem
1946 3950 2195 4049 pedem
2252 3950 2504 4027 referre
2521 4008 2542 4040 ,
2591 3974 2766 4025 num
2815 3944 3161 4021 miramini
3181 4004 3202 4036 ,
3251 3945 3626 4021 Auditores
3647 4003 3668 4035 ,
3719 3969 3834 4023 mc

800 4084 941 4135 non
992 4061 1141 4139 sine
1184 4088 1442 4165 magna
1486 4066 1943 4167 trepidatione
1990 4070 2063 4143 in
2108 4068 2506 4145 cathedram
2557 4068 2734 4143 hanc
2775 4068 3214 4143 adscendisse
3232 4126 3253 4157 ,
3302 4067 3444 4141 imo
3494 4092 3606 4142 me
3651 4092 3832 4144 nun-

796 4206 1009 4281 quam
1062 4184 1297 4259 animo
1338 4186 1563 4285 magis
1610 4198 1955 4263 commoto
1995 4186 2269 4288 publice
2308 4188 2514 4265 verba
2549 4188 2842 4263 fecisse?
2925 4186 3190 4263 Verum
3219 4186 3408 4263 enim
3463 4212 3622 4263 vero
3642 4246 3663 4277 ,
3707 4194 3834 4263 aut

792 4326 928 4401 ego
972 4302 1253 4403 ineptus
1308 4304 1479 4395 sim,
1522 4314 1647 4381 aut
1702 4308 1761 4381 si
1806 4333 1961 4383 mea
2000 4307 2143 4382 iam
2188 4308 2333 4383 vice
2373 4308 2611 4385 oculos
2653 4307 2746 4384 ad
2787 4316 3178 4407 temporum
3225 4307 3424 4407 signa
3469 4317 3830 4397 converto,

793 4422 1107 4522 undique
1151 4447 1349 4500 voces
1389 4425 1563 4502 mihi
1592 4427 1833 4503 audire
1876 4426 2117 4503 videor
2156 4428 2462 4505 infausta
2505 4428 2968 4505 ominantium
2988 4486 3009 4518 ,
3060 4436 3132 4504 et
3167 4454 3332 4505 cum
3371 4429 3536 4504 Iesu
3575 4452 3827 4527 aequa-

792 4542 983 4617 libus
1044 4544 1543 4643 repetentium:
1616 4546 1821 4623 hodie
1889 4556 2263 4649 tempestas
2286 4608 2306 4639 ,
2381 4550 2674 4625 rubente
2729 4548 3124 4625 tristissimo
3175 4547 3400 4663 coelo!
3475 4547 3790 4624 Profecto
3807 4604 3830 4637 ,

880 4800 929 4881 ι)
986 4801 1189 4867 matth.
1230 4806 1405 4868 XVI:
1448 4814 1505 4870 3.

1328 4910 1333 4915 ’
3393 4907 3545 4983 26*
