4728 5991
1065 566 1192 631 112
2238 564 2931 650 erroneo

1060 798 1270 873 quam
1348 774 1519 848 mira
1589 772 1841 847 laboris
1905 772 2327 847 constantia!
2411 773 2639 848 Maior
2684 772 2974 848 fortasse
3016 773 3090 847 in
3143 797 3466 849 roansro
3515 775 3651 850 fuit
3701 776 4124 853 observandi

1059 893 1456 993 diligentia,
1527 902 1832 969 attamen
1900 892 2027 968 hac
2090 893 2300 968 etiam
2374 917 2768 970 usnemun
2838 892 3284 981 excelluisse,
3357 919 3518 969 cum
3587 895 3722 971 alia
3779 894 4116 1009 probant,

1058 1020 1209 1087 tum
1281 1039 1401 1103 ea,
1474 1039 1653 1112 quae
1718 1013 1902 1097 filius
1966 1015 2324 1089 annotavit
2395 1014 2484 1089 de
2557 1014 2798 1089 morbo
2863 1013 3346 1113 gubernatoris
3404 1014 3778 1089 Traiectini
3839 1017 4116 1115 potione

1058 1141 1392 1208 venenata
1470 1134 1559 1207 ab
1632 1133 1967 1233 Hispanis
2040 1133 2349 1208 exhibita
2425 1135 2786 1233 producto.
2907 1134 3146 1209 Huius
3207 1133 3464 1208 scilicet
3513 1146 3762 1209 natura
3815 1136 4116 1235 reliquos

1054 1253 1221 1327 artis
1269 1254 1523 1353 peritos
1568 1253 1842 1354 fugerat
1884 1279 2163 1342 omnes,
2216 1254 2305 1329 ab
2371 1277 2702 1330 nsuamo
2746 1278 2946 1343 vero,
3001 1254 3160 1329 licet
3211 1253 3466 1327 iuniori
3515 1254 3786 1329 medico
3807 1314 3828 1345 ,
3879 1256 4112 1330 statim

1057 1371 1611 1472 dignoscebatur.
1669 1373 1764 1465 ¹⁴⁵)

1152 1493 1346 1565 Inter
1400 1491 1617 1565 claros
1680 1492 1925 1565 horum
1990 1492 2289 1565 virorum
2362 1491 2737 1591 discipulos
2799 1499 2869 1565 et
2927 1515 3258 1567 PAAwms
3306 1494 3400 1585 ¹⁰)
3468 1490 4112 1567 commemorandus

1055 1620 1201 1713 est,
1270 1636 1431 1686 cum
1490 1612 1579 1685 de
1631 1612 1823 1699 aliis,
1887 1621 2035 1685 tum
2086 1612 2404 1711 inprimis
2453 1612 2543 1686 de
2595 1619 2916 1686 anatome
2971 1621 3043 1687 et
3094 1611 3412 1686 botanice
3464 1610 3726 1709 optime
3781 1610 4110 1701 meritus,

1055 1739 1128 1805 et
1192 1754 1573 1807 assultans
1644 1754 1992 1818 nonnus,
2061 1732 2155 1824 ¹⁷)
2221 1730 2742 1805 laudatissimus
2815 1754 3208 1805 rannsmm
3266 1753 3574 1804 nsnmcr
3619 1728 3992 1817 archiater,
4041 1736 4112 1803 et

1057 1874 1215 1924 vero
1276 1874 1469 1925 orno
1543 1874 1956 1938 navamus,
2030 1851 2311 1925 Ioannis
2384 1850 2606 1939 filius3
2678 1852 2772 1945 ¹⁸³)
2839 1850 2999 1950 qui,
3063 1857 3442 1950 postquam
3485 1857 3749 1948 septem
3797 1855 3870 1925 et
3921 1848 4111 1948 quod

1056 1971 1357 2045 excurrit
1415 1971 1633 2045 lustra
1708 1970 2119 2045 medicinam
2198 1997 2235 2044 e
2314 1970 2641 2045 cathedra
2705 1970 3069 2059 docuerat,
3143 1994 3615 2045 summanum
3677 1992 4108 2044 summunt

1054 2088 1370 2165 imitatus
1391 2149 1410 2180 ,
1482 2090 1690 2165 etiam
1760 2090 1833 2165 in
1902 2090 2281 2165 Academia
2348 2078 3018 2189 Lugduno·Batava‘
3044 2090 3360 2165 clinicam
3400 2089 3908 2165 institutionem
3951 2088 4108 2165 fun-

1056 2208 1253 2283 davit
1301 2211 1394 2304 ¹⁹)
1448 2210 1883 2309 eandemque
1929 2235 2091 2285 cum
2144 2234 2607 2285 scnnsvnmo
2633 2212 2732 2304 ⁸⁰)
2779 2211 3042 2309 collega
3087 2210 3364 2310 egregie
3408 2208 3798 2285 vindicavit.
3881 2209 4108 2283 S‘raa-

1056 2352 1286 2405 mnus
1334 2332 1432 2425 ²¹)
1506 2356 1665 2405 vero
1686 2390 1707 2420 ‚
1780 2330 2049 2430 primus
2112 2330 2186 2406 in
2251 2331 2380 2405 hac
2447 2331 2815 2405 Musarum
2883 2330 3046 2404 sede
3098 2329 3490 2405 Medicinae
3535 2329 3920 2417 Professor,
3971 2352 4108 2406 non

1052 2449 1316 2548 patriae
1385 2458 1658 2527 tantum
1682 2510 1703 2541 ,
1776 2451 1900 2525 sed
1970 2451 2327 2526 universae
2389 2450 2712 2548 Europae
2767 2450 2988 2525 facem
3045 2449 3391 2549 praetulit.
3491 2445 3826 2522 Patavina
3875 2454 3948 2520 et
3993 2446 4110 2521 Ti-

1049 2566 1312 2642 cinensi
1362 2568 1648 2644 fortasse
1697 2567 2001 2667 exceptis
2022 2627 2042 2656 ,
2109 2568 2185 2642 in
2236 2567 2430 2643 nulla
2485 2562 2742 2642 scilicet
2792 2568 3167 2644 Academia
3213 2569 3306 2643 ad
3359 2569 3548 2667 ipsos
3597 2566 4108 2667 aegrotantium

1050 2686 1335 2762 lectulos
1393 2688 1737 2763 medicina
1782 2687 2177 2762 docebatur.
2228 2690 2327 2781 22)
2437 2688 2904 2777 Summus,
2943 2688 3222 2787 publico
3249 2688 3380 2764 hac
3404 2688 3478 2761 in
3512 2687 3685 2763 urbe
3713 2685 4108 2761 nosocomio

1049 2805 1437 2905 praefectus
1462 2864 1482 2896 ,
1551 2806 1973 2905 simulatque
2014 2807 2414 2881 cathedram
2469 2808 2992 2898 conscenderat,
3057 2808 3372 2884 omnium
3419 2807 3688 2906 primus
3733 2806 4104 2905 practicam

1052 2924 1241 3002 illam
1293 2926 1729 3025 disciplinam
1778 2935 1849 3002 et
1895 2928 2407 3003 commendavit
2458 2928 2557 3022 ²³)
2609 2935 2680 3002 et
2725 2953 2882 3003 vero
2922 2928 3249 3006 instituit.
3341 2928 3558 3008 Quod
3597 2951 3806 3027 quam
3856 2924 4106 3000 eximie

1054 3046 1327 3136 fecerit,
1394 3047 1576 3120 inter
1642 3047 1965 3146 aequales
2032 3054 2329 3123 testatus
2401 3055 2506 3124 est
2562 3073 2937 3126 Annas-ms
2981 3073 3312 3125 xnsaus
3334 3106 3354 3138 ,
3403 3049 3502 3141 ⁸⁴)
3565 3047 3818 3136 iudex,
3867 3053 3952 3120 ut
3999 3045 4096 3120 vi-

1055 3166 1299 3254 detur,
1376 3165 1689 3241 idoneus.
1812 3167 2071 3241 Decem
2124 3176 2401 3243 tantum
2450 3194 2669 3244 annos
2729 3193 3144 3246 sumanus
3191 3167 3308 3242 ille
3357 3191 3644 3244 munere
3690 3164 4098 3267 professorio

1053 3285 1338 3360 functus
1404 3291 1529 3361 est.
1616 3285 1947 3386 Princeps
2018 3288 2204 3362 enim
2281 3290 2814 3365 Arausionensis
2833 3347 2853 3379 ,
2923 3288 3214 3364 minime
3285 3287 3676 3363 caecutiens
3748 3285 3864 3362 ille
3883 3343 3906 3376 ,
3977 3284 4102 3384 qui

1049 3404 1257 3479 talem
1327 3412 1743 3504 tantumque
1809 3406 2159 3483 medicum
2217 3409 2352 3482 sibi
2413 3409 2793 3485 adsciscere
2854 3417 3176 3510 cuperet,
3240 3432 3400 3484 eum
3465 3405 3781 3483 abduxit.
3883 3404 4099 3484 Quod

1050 3524 1367 3624 quamvis
1444 3525 1741 3600 doluerit
1812 3527 2204 3603 Traiectum
2231 3587 2253 3618 ,
2324 3529 2668 3628 optimum
2737 3537 2969 3605 tamen
3029 3528 3251 3603 virum
3301 3528 3522 3604 colere
3573 3525 3874 3627 perrexit
3925 3549 4094 3600 eun-

1049 3644 1351 3744 demque
1419 3653 1491 3720 et
1555 3646 1707 3720 aliis
1768 3646 1857 3720 de
1924 3648 2151 3724 causis
2169 3707 2190 3736 ‚
2258 3649 2359 3741 ²⁶)
2433 3656 2505 3724 et
2551 3657 2832 3748 propter
2870 3649 3170 3750 insignia
3215 3647 3290 3722 in
3334 3647 3632 3746 patriam
3677 3643 4094 3722 medicinam

1046 3765 1328 3855 merita,
1383 3765 1615 3866 siquid
1668 3766 1904 3856 vide0,
1955 3768 2133 3842 colet
2180 3768 2253 3842 in
2307 3769 2706 3844 aeternum!

1144 3885 1534 3961 S'raarnno
1613 3887 1943 3962 successit
2018 3911 2714 3964 msusanaoncxrus
2735 3948 2756 3978 ,
2833 3890 2932 3982 ⁸⁸)
3004 3887 3366 3963 Leidensis
3419 3883 3836 3960 Academiae
3891 3905 4088 3980 prae·

1044 4005 1517 4080 stantissimus
1585 4007 1930 4082 alumnus.
2036 4007 2384 4082 Successit
2432 4015 2670 4084 autem
2691 4066 2712 4098 ,
2791 4016 3158 4107 postquam
3215 4005 3562 4105 Neomagi
3605 4028 3767 4080 cum
3817 4002 3890 4076 in
3939 3999 4091 4078 aliis

1044 4123 1305 4198 morbis
1324 4182 1346 4213 ,
1411 4131 1565 4198 tum
1628 4149 1785 4200 vero
1834 4125 1907 4200 in
1954 4127 2347 4225 pestilentia
2402 4127 2709 4203 curanda
2757 4126 3174 4229 singularem
3225 4126 3394 4202 artis
3435 4123 3756 4224 peritiam
3808 4117 4088 4196 abunde

1042 4240 1469 4342 probaverat.
1572 4241 1701 4315 Vir
1740 4249 1887 4318 erat
1939 4243 2123 4318 vario
2164 4245 2550 4320 litterarum
2599 4244 3258 4346 disciplinarumque
3301 4244 3536 4320 studio
3583 4264 3922 4343 perquam
3969 4263 4086 4312 ex-

1042 4359 1313 4450 cultus,
1364 4362 1520 4461 qui,
1571 4361 1762 4461 quod
1815 4385 2199 4440 saanvms·
2224 4367 2323 4458 ⁸⁷)
2381 4363 2801 4464 praedicavit
2819 4423 2840 4454 ,
2889 4365 3382 4467 perspicuitate
3429 4363 3504 4438 in
3559 4359 3870 4436 docendo
3915 4381 4088 4458 pau-

1038 4505 1157 4557 cos
1227 4505 1426 4581 pares
1496 4481 1783 4572 habuit,
1864 4484 2285 4584 superiorem
2356 4484 2471 4558 vix
2547 4507 2994 4584 quemquam.
3116 4486 3354 4584 Atque
3431 4483 3544 4558 hic
3609 4477 3896 4580 quidem
3965 4499 4090 4576 per

1044 4601 1355 4702 quinque
1418 4609 1490 4676 et
1567 4602 1813 4704 viginti
1878 4627 2097 4702 annos
2168 4603 2586 4679 Academiae
2637 4613 2912 4680 nostrae
2953 4605 3210 4680 mirum
3261 4611 3604 4702 quantum
3664 4597 3965 4699 profuit,
4013 4601 4088 4670 et

1042 4721 1313 4821 scriptis
1360 4721 1569 4800 etiam
1616 4723 1981 4824 praeclaris
2032 4722 2418 4822 posteritati
2465 4723 2744 4826 egregie
2793 4723 3162 4800 consuluit.
