4728 5991
1836 573 2400 643 ORATIO.
3517 578 3647 647 137

586 787 743 851 urbia
784 785 1095 849 Academia
1134 790 1369 865 quatuor
1404 783 1522 843 fere
1562 784 1736 845 lustra
1772 782 1943 861 digne
1982 782 2263 845 sustinuit.
2344 784 2513 843 Anno
2557 785 2712 843 1666
2753 782 2965 863 phthisi
3004 784 3164 847 obiit.
3219 786 3400 849 Confi.
3431 804 3651 852 anone.

586 906 825 951 man.
883 903 1221 951 unctum
1276 884 1576 947 Lindenius
1621 892 1914 947 renovatae
1964 888 2033 948 de
2086 886 2285 963 κῆρι.
2333 884 2519 946 medic.
2575 884 2839 947 Norimb.
2883 889 3040 949 1686
3079 908 3138 970 p.
3180 893 3280 951 68.
3295 933 3313 963 ,
3369 890 3616 955 Panum·
3629 935 3650 965 ‚

585 994 629 1053 l.
650 993 695 1053 1.
715 992 793 1055 T.
815 994 893 1051 12
912 1011 967 1071 p.
996 993 1027 1051 1
1052 1008 1207 1070 seqq.
1222 1033 1239 1062 ,
1280 1002 1531 1048 nouum
1546 1032 1563 1061 ,
1608 988 1991 1051 Guehiedenie
2028 1008 2137 1050 van
2172 988 2239 1049 de
2278 988 2607 1065 uvormatiae
2642 988 2964 1051 Geldereobe
3005 991 3392 1067 Hooqeeolool
3419 1012 3488 1055 sa
3516 996 3654 1054 bare

588 1095 1043 1170 Hooqloeroeem
1086 1092 1160 1151 T.
1197 1090 1249 1151 1.
1288 1109 1347 1171 p.
1390 1091 1465 1151 78
1507 1107 1663 1169 seqq.

672 1192 757 1275 ⁸⁰)
819 1193 1049 1255 Scilicet
1100 1206 1404 1253 romanas
1456 1206 1761 1251 arnna-r
1816 1189 1933 1251 sive
1988 1204 2289 1251 arantur
2346 1206 2466 1251 vau
2517 1206 2639 1250 osa
2694 1206 2854 1251 mm.
2907 1190 3024 1253 sive
3078 1206 3196 1253 vm
3252 1210 3374 1255 naa
3422 1207 3654 1272 mam

587 1296 915 1359 Medicinae
972 1296 1216 1366 Doctor,
1268 1292 1366 1374 qui
1416 1291 1549 1353 inde
1601 1292 1673 1353 ab
1724 1312 1872 1353 anno
1931 1296 2085 1353 1668
2144 1292 2310 1355 titulo
2361 1292 2696 1354 Profeasorie
2737 1292 3416 1375 Anatomicosshirurgioi
3453 1297 3654 1376 Hagas

590 1400 883 1462 Comitum
939 1400 1255 1459 Anatomen
1314 1402 1373 1457 et
1436 1393 1790 1473 chirurgiam
1846 1412 2050 1472 magno
2106 1412 2230 1455 cum
2281 1396 2544 1477 applausu
2593 1396 2782 1457 docuit
2798 1441 2814 1469 ,
2871 1417 3018 1460 anno
3071 1402 3230 1460 1683
3271 1405 3518 1463 mortuus
3537 1446 3555 1476 ,
3597 1404 3656 1463 ot

590 1502 765 1563 trater
802 1498 977 1581 ipsius
1016 1512 1339 1559 oonnnuus
1354 1540 1373 1573 ,
1418 1494 1905 1557 observationibus
1922 1536 1939 1567 ,
1993 1514 2131 1575 quas
2174 1494 2347 1557 edidit
2360 1541 2377 1569 ,
2417 1497 2731 1559 rarioribus
2773 1500 3013 1561 Medicis
3029 1546 3046 1573 ,
3089 1504 3438 1565 Aedonia-ie
3457 1547 3475 1577 ,
3525 1503 3656 1565 GR-

592 1602 841 1679 wyse-‘e
900 1600 1097 1661 clarus.
1180 1602 1365 1679 Atque
1420 1596 1515 1657 hio
1574 1595 1827 1678 quidem,
1890 1602 1953 1657 ut
2006 1596 2380 1661 verisimiliter
2429 1598 2598 1659 etiam
2637 1598 2844 1673 frater,
2900 1600 3205 1679 Hagnous,
3261 1623 3409 1664 anno
3458 1606 3654 1678 1637,

594 1706 793 1769 aetatis
849 1704 1026 1765 XVII
1041 1748 1057 1774 ,
1116 1700 1329 1763 civibus
1386 1698 1719 1761 Academiae
1771 1698 2059 1761 Leidensis
2098 1699 2432 1781 adscriptus,
2487 1698 2638 1781 quod
2654 1746 2671 1775 ,
2713 1702 2962 1783 inspecto
3001 1703 3178 1765 Libro
3216 1705 3652 1788 Inscriptionum

596 1809 757 1881 MS„
820 1806 1091 1869 benevole
1145 1802 1288 1865 mihi
1344 1802 1771 1864 communicavit
1832 1802 1919 1863 Cl.
1958 1819 2262 1865 sumen
2280 1846 2299 1876 ,
2354 1802 2488 1864 inde
2539 1802 2612 1864 ab
2649 1824 2796 1865 anno
2843 1808 3000 1865 1643
3041 1806 3374 1871 medicinam
3415 1808 3476 1869 in
3517 1810 3656 1871 urhe

594 1910 775 1993 patria
828 1906 1135 1979 factitavit,
1188 1905 1353 1986 idque
1408 1904 1478 1966 ad
1532 1910 1869 1967 senectutem
1924 1924 2115 1985 usque.
2197 1904 2290 1967 Gi.
2338 1922 2383 1966 1.
2423 1922 2506 1966 n}
2545 1922 2784 1969 mun
2799 1952 2814 1979 ,
2857 1910 3254 1987 Beeohrip‘viaq
3291 1930 3400 1973 aaa
3438 1910 3492 1971 ’e
3513 1912 3658 1973 Gra·

598 2016 873 2090 macae,
916 2010 1075 2071 Deltt
1122 2010 1309 2081 1730,
1350 2008 1403 2069 Ῑ.
1448 2013 1483 2067 9
1524 2028 1581 2089 p.
1626 2011 1739 2071 607
1783 2026 1939 2088 seqq.

681 2116 763 2191 ⁸¹)
828 2116 1163 2175 Guneus
1222 2126 1407 2171 nme
1423 2154 1440 2183 ,
1504 2108 1805 2171 seeundum
1858 2124 2207 2171 inflamma
2260 2113 2431 2187 gente
2483 2110 2770 2191 patriaque
2819 2112 3088 2175 Holsatus
3105 2158 3123 2187 ‚
3179 2114 3481 2177 mundum
3521 2115 3660 2177 elios

598 2222 659 2281 in
698 2240 847 2301 pago
890 2214 1167 2279 Oostvliet
1202 2219 1361 2274 natus
1378 2258 1394 2282 ,
1434 2214 1671 2295 primum
1714 2211 1960 2273 Hatniae
1976 2255 1993 2282 ,
2036 2210 2175 2273 duos
2215 2210 2562 2292 potissimum
2597 2230 2984 2275 marnomo
3019 2216 3378 2279 celeberrimo
3396 2263 3414 2293 ,
3459 2216 3662 2280 deinde

598 2324 809 2385 Leidae
860 2319 1169 2383 medicinae
1220 2315 1415 2377 studiis
1466 2336 1691 2398 operam
1744 2314 1990 2377 navavit.
2068 2318 2255 2395 Atque
2306 2314 2403 2376 hic
2456 2314 2680 2395 quidem
2735 2335 2980 2378 summos
3032 2317 3276 2380 honores
3335 2327 3662 2383 consecutus

601 2420 1005 2488 Amstelodami
1064 2439 1191 2481 oum
1252 2424 1426 2481 artem
1485 2420 1776 2481 salutarem
1830 2416 2067 2479 teliciter
2108 2417 2353 2479 exercuit
2366 2461 2383 2490 ,
2440 2421 2558 2477 tum
2599 2416 2656 2477 in
2699 2419 2992 2479 Athenaeo
3029 2420 3242 2481 illustri
3258 2465 3275 2494 ,
3329 2423 3662 2503 professoria

602 2526 879 2607 dignitate
929 2528 1187 2595 ornatus,
1237 2519 1371 2582 inde
1421 2520 1493 2582 ab
1548 2540 1697 2582 anno
1749 2519 1905 2583 1669
1950 2539 2122 2601 usquc
2162 2518 2235 2580 ad
2281 2518 2473 2593 1692,
2514 2539 2626 2600 quo
2666 2517 2781 2581 vita
2821 2519 3016 2594 cessit,
3058 2521 3393 2584 medicinam
3434 2526 3662 2602 egregie

602 2628 791 2693 docuit
842 2633 902 2689 et
952 2625 1105 2688 varia
1146 2622 1364 2706 scripsit
1403 2624 1661 2705 opuscula
1696 2627 2027 2694 anatomen,
2084 2620 2252 2685 etiam
2291 2626 2662 2703 comparatam
2703 2626 2762 2683 et
2800 2622 3244 2703 pathologicam‚
3301 2626 3657 2689 illustrantia.

606 2734 696 2795 Gi.
750 2728 1063 2794 Annotatio
1114 2745 1261 2789 mv.
1314 2744 1437 2789 no.
1491 2741 1616 2788 vm
1672 2742 1904 2787 annitar
1952 2724 2015 2785 in
2067 2724 2394 2786 Orationem
2433 2742 2557 2787 nc.
2601 2742 2864 2787 rmmn
2901 2726 2962 2787 n'
2966 2744 3258 2802 camna,
3298 2727 3360 2789 in
3403 2730 3659 2791 Illa-veris

607 2834 909 2897 Ameelod.
950 2832 1157 2893 Athen.
1196 2830 1499 2892 Memor-ab.
1543 2850 1601 2910 p.
1646 2829 1759 2893 137
1808 2848 1998 2909 seqq„
2040 2846 2307 2901 raauo'r,
2350 2828 2474 2889 1.1.
2517 2829 2589 2890 Τ.
2633 2828 2706 2891 1‘1
2750 2849 2807 2911 p.
2851 2832 2967 2890 221
3011 2848 3165 2912 seqq.

686 2936 765 3018 ⁸⁸)
848 2937 1202 2998 ammos
1275 2946 1665 2993 manemus
1734 2927 2147 3012 (absumar)
2220 2948 2370 2991 anno
2437 2928 2590 2991 1650
2655 2930 3014 3012 Medioburgi
3069 2938 3262 3009 natos,
3325 2933 3386 2995 in
3449 2933 3660 2999 Acade·

608 3039 723 3101 mia
763 3040 1212 3118 Fmeqnennn,
1273 3035 1371 3097 ubi
1418 3041 1576 3118 peter
1620 3033 2168 3116 ipsins‚u1oot.aus
2222 3049 2642 3108 anai-tomos,
2696 3034 3074 3098 Historiarum
3115 3041 3174 3098 et
3209 3036 3434 3116 linguae
3487 3039 3661 3101 Grae·

612 3161 711 3204 cae
748 3141 1029 3202 Professor
1084 3143 1203 3200 erat
1216 3182 1233 3211 ,
1292 3157 1438 3200 anno
1504 3139 1619 3202 167
1626 3144 1665 3199 4
1718 3137 2109 3219 Philosophiae
2172 3142 2337 3218 atque
2403 3137 2717 3200 Medicinae
2773 3137 2988 3200 Doctor
3049 3144 3264 3202 oreatus
3277 3185 3296 3213 ,
3358 3160 3530 3222 usque
3591 3140 3666 3204 ad

612 3265 815 3308 annum
891 3245 965 3307 17
970 3248 1049 3304 02
1069 3289 1085 3315 ,
1154 3261 1265 3323 quo
1330 3241 1447 3302 fato
1528 3241 1751 3303 iunctus
1812 3245 1928 3312 ost,
2004 3245 2179 3302 artem
2239 3241 2536 3302 salutarem
2599 3240 3002 3302 Amstelodami
3063 3242 3342 3306 factitavit
3395 3249 3454 3305 et
3511 3245 3666 3306 varia

614 3369 735 3412 oum
796 3346 1097 3409 anatomici
1144 3350 1203 3408 et
1258 3344 1601 3426 pathologici
1618 3387 1635 3417 ,
1697 3349 1817 3406 tum
1874 3343 2012 3404 alius
2067 3344 2378 3422 argumenti
2431 3342 2636 3424 scripta
2689 3341 2880 3405 edidit.
2965 3342 3067 3406 off.
3107 3361 3188 3406 nn
3229 3363 3311 3406 m
3349 3364 3472 3408 nun
3485 3392 3502 3421 ,
3561 3349 3666 3408 Ge·

613 3452 813 3514 lettera
854 3449 1128 3522 Ζωῑαιᾶ,
1184 3468 1239 3529 p.
1290 3451 1361 3508 19
1402 3467 1553 3527 seq„
1612 3465 1791 3519 san,
1856 3448 2041 3508 Onon.
2087 3448 2179 3508 zie.
2220 3446 2288 3508 P.
2324 3447 2400 3508 V.
2441 3467 2499 3528 p.
2547 3451 2696 3518 242,
2755 3463 2911 3518 nox,
2974 3445 3202 3508 Vaderl.
3263 3447 3667 3512 woordmboek

615 3553 673 3616 in
716 3571 857 3615 voce
874 3597 891 3624 ,
934 3551 1051 3614 alii.

694 3654 771 3737 ⁸⁸)
825 3655 1093 3718 Ioanne
1128 3667 1567 3712 aavnovioms
1606 3653 1761 3726 (vau
1800 3655 2223 3727 aavaawnca)
2263 3671 2410 3714 anno
2466 3655 2616 3714 1594
2659 3649 2932 3712 Dordraci
2975 3656 3137 3713 natus
3176 3651 3368 3734 ibique
3405 3670 3543 3714 ann.
3579 3671 3664 3717 10.

618 3775 797 3819 vassu
850 3755 991 3818 disci
1048 3756 1141 3815 ‘aa
1196 3752 1439 3814 classicis
1495 3751 1703 3830 linguis
1760 3752 2003 3814 eruditus
2016 3799 2033 3827 ,
2093 3753 2306 3816 Leidae
2360 3754 2424 3814 in
2475 3753 2674 3814 litteris
2728 3753 2952 3834 quidem
2997 3770 3294 3816 nounuco
3339 3773 3565 3818 nmmo
3605 3761 3664 3820 et

616 3875 877 3921 mama
916 3873 1160 3918 armaio
1173 3900 1191 3927 ,
1238 3855 1297 3916 in
1340 3853 1615 3916 medicina
1654 3875 1783 3917 vero
1824 3873 2019 3918 rarae
2062 3874 2303 3919 raawro
2318 3901 2333 3930 ,
2377 3871 2618 3917 ornoua
2661 3871 2932 3916 mauro
2971 3859 3030 3915 et
3070 3871 3251 3916 uuo
3289 3875 3664 3922 ammaon

622 3977 873 4024 vomlo
933 3957 1211 4037 magistris
1270 3977 1398 4018 usus
1412 4003 1429 4030 ,
1492 3962 1786 4039 postquam
1846 3956 1909 4020 in
1972 3959 2205 4021 Gallicis
2245 3957 2696 4022 universitatibus
2736 3956 2920 4019 studia
2958 3957 3404 4036 continuaverat,
3446 3961 3666 4024 Patavii

618 4063 923 4127 medicinae
962 4061 1158 4124 doctor
1198 4067 1413 4122 oreatus
1452 4069 1555 4123 est.
1638 4059 1909 4123 Dordraoi
1949 4063 2241 4123 salutarem
2278 4067 2455 4122 artem
2493 4081 2608 4122 non
2647 4065 2864 4122 tantum
2903 4059 3177 4136 exercuit,
3219 4063 3318 4125 scd
3339 4064 3508 4127 etiam
3527 4047 3670 4129 Iseo·⁴

620 4167 755 4229 toria
806 4164 1137 4241 chirurgiae
1190 4163 1353 4224 titulo
1404 4163 1613 4226 docuit.
1706 4164 1893 4226 Variis
1942 4169 2223 4247 praetcrea
2270 4163 2588 4226 muneribus
2625 4163 2892 4246 praefuit,
2936 4183 3114 4246 neque
3153 4164 3215 4226 in
3253 4169 3426 4232 natali
3465 4169 3665 4245 modo,

622 4269 716 4332 sed
764 4269 826 4330 in
878 4267 1137 4328 universa
1187 4265 1393 4346 patria,
1446 4265 1562 4327 imo
1620 4285 1753 4326 vero
1806 4265 1951 4346 apud
1990 4271 2206 4328 exteros
2245 4285 2464 4347 quoque
2502 4285 2763 4344 magnam
2803 4271 2998 4327 nactus
3037 4271 3122 4328 cat
3159 4269 3342 4332 famae
3381 4272 3672 4335 celebrita-

621 4379 753 4434 tem.
834 4371 1023 4452 Opera
1078 4369 1291 4430 scilicet
1348 4369 1522 4431 edidit
1580 4389 1707 4432 cum
1772 4369 2017 4444 medica,
2080 4375 2200 4431 tum
2258 4369 2430 4430 etiam
2484 4368 2780 4441 historica,
2835 4367 3136 4442 littoraria,
3200 4373 3418 4454 poetica
3481 4375 3672 4510 multis

623 4473 938 4536 nominibus
976 4472 1275 4552 praeclara.
1353 4471 1521 4534 Diem
1560 4472 1705 4534 obiit
1747 4491 1895 4532 anno
1941 4475 2118 4535 1647.

700 4579 895 4638 Vitam
946 4581 1005 4636 et
1058 4574 1259 4636 merita
1309 4585 1704 4638 Bannouon
1754 4594 1929 4655 nuper
1981 4575 2235 4656 exposuit
2278 4573 2428 4635 doct.
2469 4590 2705 4636 monaca
2741 4574 2802 4635 in
2845 4592 3041 4656 opere.
3085 4573 3175 4636 cui
3211 4574 3404 4637 titulus
3449 4578 3670 4638 neonae

624 4683 719 4742 der
758 4677 1173 4750 mendacia?
1213 4677 1498 4757 Jaargang
1543 4683 1699 4740 1863
1741 4699 1797 4760 p.
1844 4681 1959 4738 199
1996 4697 2111 4756 seq.
2175 4675 2274 4738 Off.
2316 4675 2490 4737 ctiam
2529 4693 2798 4749 rancor,
2841 4679 2882 4738 1.
2902 4677 2942 4737 l.
2983 4677 3052 4738 Τ.
3105 4679 3178 4736 10
3221 4697 3280 4757 p.
3324 4680 3440 4739 116
3479 4697 3668 4759 seqq.

626 4795 1067 4852 uanum,
1112 4780 1811 4842 Guobiedeniedermd.
1850 4784 2214 4841 Lectorenen
2244 4771 2564 4840 treta-ech.
2605 4777 3210 4858 T.111.p..,ssssseq
3253 4779 3675 4842 cometis-18

3237 4879 3330 4953 18
