4728 5991
2162 1645 3183 1738 ΑΝΝΟΤΑΤΙΟ.

1239 2380 1292 2458 ¹)
1353 2381 1592 2444 Parnes
1650 2396 2034 2442 noceamus
2051 2425 2066 2454 ,
2122 2400 2270 2442 anno
2333 2381 2492 2443 1642
2551 2381 2781 2442 Hornse
2834 2381 3067 2463 patricia
3118 2379 3331 2444 familia
3382 2385 3545 2442 natus
3560 2427 3576 2454 ,
3636 2385 3925 2462 postquam
3982 2379 4186 2442 Patavii

1153 2503 1396 2544 summos
1443 2483 1502 2546 in
1557 2481 1834 2546 medicina
1885 2482 2128 2544 honores
2170 2489 2494 2546 consecutus
2536 2489 2684 2554 erat,
2728 2487 2903 2546 artem
2944 2487 3239 2548 salutarem
3278 2483 3339 2544 in
3379 2483 3518 2544 urbe
3556 2482 3729 2544 natali
3770 2481 4008 2544 feliciter
4044 2481 4188 2544 iacti·

1149 2587 1290 2648 tavit
1350 2607 1520 2672 usque
1571 2585 1641 2648 sd
1697 2603 1903 2648 annum
1953 2589 2110 2647 1599
2131 2631 2148 2660 ,
2203 2607 2315 2666 quo
2368 2592 2523 2670 peste
2569 2586 2874 2648 exstinctus
2927 2593 3033 2650 est.
3127 2588 3295 2648 Teste
3350 2603 3669 2648 rnsonono
3724 2602 3937 2658 vano,
3987 2587 4187 2664 collega

1140 2688 1356 2750 iuniore
1407 2689 1630 2771 quidem
1649 2735 1663 2762 ,
1719 2694 1778 2750 at
1834 2688 2050 2752 erudito
2106 2709 2326 2770 quoque
2340 2735 2356 2763 ,
2418 2707 2901 2752 noennnursms
2938 2690 3036 2752 ille
3075 2709 3191 2752 non
3232 2693 3449 2750 tantum
3491 2689 3624 2749 artis
3664 2687 3863 2770 peritia
3897 2694 4064 2770 atque
4099 2687 4191 2750 hu·

1141 2793 1408 2854 :uanitate
1463 2792 1750 2866 excelluit,
1808 2791 1905 2852 sed
1948 2791 2116 2854 etiam
2155 2790 2465 2853 litterarum
2506 2791 2739 2854 scientia
2780 2797 2836 2854 et
2878 2813 3007 2854 vero
3047 2791 3267 2853 dicendi
3310 2790 3692 2870 scribendique
3732 2791 4001 2852 facilitate
4040 2792 4190 2873 plane

1141 2894 1431 2973 singulari.
1509 2895 1712 2956 Latine
1762 2893 2025 2956 nimirum
2083 2893 2164 2954 sic
2207 2895 2537 2974 loquebatur
2556 2940 2572 2968 ,
2613 2900 2677 2956 ut
2694 2940 2709 2966 ‚
2753 2903 3099 2957 asseverante
3137 2910 3389 2956 rosamo
3430 2911 3788 2966 scaleno,
3830 2894 4072 2954 Romani
4112 2893 4193 2954 vel

1135 3018 1301 3059 aurea
1359 3003 1540 3059 aetate
1591 2995 1778 3079 purius
1833 2997 1989 3078 loqui
2037 2995 2187 3058 haud
2240 2995 2541 3078 potuerint.
2623 2999 2893 3060 Celeriter
2946 3004 3129 3059 autem
3186 2995 3547 3078 expediteque
3602 3002 3871 3077 concepta
3924 3000 4039 3057 tem
4088 2998 4187 3057 ele·

1137 3105 1364 3177 gauter,
1423 3104 1540 3161 tam
1594 3099 1868 3161 concinne
1885 3144 1902 3175 ,
1956 3106 2179 3180 tamque
2221 3099 2412 3161 limate
2450 3100 2785 3183 perscribere
2824 3103 3067 3175 solebat,
3110 3106 3174 3163 ut
3214 3099 3353 3161 alios
3370 3144 3385 3171 ‚
3430 3101 3527 3179 qui
3565 3098 3832 3161 meditate
3868 3119 3993 3159 rem
4034 3100 4189 3180 perfi-

1140 3206 1358 3275 cerent,
1399 3201 1629 3263 omnino
1671 3208 1970 3283 superaret.
2048 3204 2354 3285 superabat
2394 3210 2579 3265 autem
2617 3204 2870 3267 oratione
2908 3206 3089 3265 soluta
3106 3248 3121 3277 ,
3176 3201 3469 3283 superabat
3508 3202 3675 3263 etiam
3718 3200 3985 3263 versibus.
4046 3202 4184 3261 Utro

1146 3323 1352 3381 genere
1404 3300 1582 3380 magis
1633 3302 1899 3376 valuerit,
1955 3302 2228 3365 incertum
2281 3303 2527 3383 videtur3
2573 3310 2636 3365 ut
2672 3306 2843 3384 igitur
2880 3305 3176 3366 dolendum
3216 3305 3321 3373 sit.
3364 3309 3482 3365 tam
3520 3324 3693 3385 pauca
3730 3324 4012 3387 superesse
4050 3304 4187 3365 tanti

1140 3405 1352 3483 ingenii
1387 3404 1753 3466 monimenta.
1793 3405 1884 3465 ef.
1912 3406 2176 3483 Okronffk
2207 3426 2314 3467 van
2346 3409 2579 3481 Hom-n,
2622 3408 2759 3468 door
2791 3424 3141 3469 ruzenoaus
3178 3424 3422 3480 vanus,
3466 3406 3619 3467 Edit.
3657 3414 3714 3468 4.
3748 3428 3806 3489 p.
3844 3412 3963 3468 642
3992 3426 4108 3487 seq.
4125 3406 4187 3481 ³)

1222 3506 1276 3589 ²)
1337 3507 1503 3571 Quod
1543 3510 1795 3569 universe
1835 3508 2043 3569 dictum
2087 3509 2179 3569 sit.
2260 3509 2491 3570 Hornae
2534 3530 2771 3590 namque
2812 3510 2956 3570 nibil
2995 3510 3177 3571 minus
3216 3530 3383 3590 quam
3422 3529 3604 3570 rarum
3649 3516 3801 3581 erst,
3856 3510 3953 3570 ubi
3991 3510 4188 3591 quippe

1135 3615 1192 3671 et
1233 3626 1445 3671 nnus
1485 3617 1542 3672 et
1578 3627 1928 3672 nmmum
1956 3627 2173 3672 amum
2213 3611 2447 3692 poeticis
2484 3611 2691 3693 pariter
2730 3634 2795 3674 ac
2830 3613 2953 3674 aliis
2990 3612 3380 3675 inclaruerunt.
3462 3611 3629 3675 Quod
3673 3632 3782 3693 quo
3822 3612 3940 3672 iure
3982 3612 4185 3672 iactum

1131 3713 1234 3785 sit,
1297 3734 1482 3775 meum
1535 3734 1649 3775 non
1703 3720 1790 3775 est
1843 3713 2106 3775 indicare.
2201 3714 2528 3775 Notandum
2586 3721 2803 3787 autem,
2861 3732 3339 3777 Pennnxanrmx
3397 3696 3647 3777 nostruin
3666 3760 3683 3793 ,
3736 3714 3995 3776 idoneum
4054 3732 4223 3786 saue,

1136 3818 1334 3879 harum
1391 3837 1574 3879 rerum
1623 3817 1862 3879 indicem
1879 3862 1896 3891 ,
1952 3833 2180 3879 romum
2228 3838 2298 3877 ex
2339 3816 2510 3877 choro
2549 3823 2837 3898 poetarum
2880 3818 3105 3879 eiecisse
3120 3862 3137 3891 ,
3192 3834 3425 3878 venun
3466 3823 3521 3879 et
3566 3834 4072 3879 noonnnmmlt
4112 3836 4185 3878 ne

1137 3922 1450 3981 nominasse
1503 3920 1742 4001 quidem.
1819 3920 1910 3981 cf.
1965 3938 2018 3981 Ρ.
2060 3935 2312 3980 nonum
2353 3935 2716 3981 reaumaus
2734 3966 2748 3993 ,
2801 3922 2969 3981 Liber
3005 3922 3072 3981 de
3108 3922 3230 3981 oica
3265 3922 3521 3983 doctrina
3558 3928 3617 3981 et
3656 3922 3931 4001 facultate
3972 3895 4183 3981 I'Vsder·

1139 4024 1417 4083 landarum
1457 4023 1555 4101 qm‘
1592 4024 1834 4085 earmina
1872 4023 2052 4083 latina
2090 4028 2517 4098 composuerunt.
2578 4020 2733 4083 Edit.
2775 4025 2931 4085 alter.
2974 4024 3137 4084 Harl.
3183 4026 3338 4083 1838
3357 4067 3374 4096 ,
3418 4044 3472 4105 p.
3518 4026 3635 4083 112
3678 4042 3795 4103 seq.

1223 4124 1276 4201 ⁸)
1331 4126 1658 4185 Bzenmms
1709 4142 1887 4198 suot,
1939 4125 2188 4185 honestis
2227 4123 2546 4205 parentibus
2589 4144 2735 4186 anno
2783 4130 2935 4190 1467
2978 4125 3209 4189 Goudae
3248 4133 3437 4196 natus,
3480 4126 3539 4186 in
3581 4126 3815 4207 pueritia
3856 4130 3970 4186 tam
4010 4126 4183 4187 hebes

1141 4231 1288 4296 erat,
1355 4230 1416 4285 ut
1461 4226 1604 4285 nibil
1647 4244 1866 4306 prorsus
1905 4225 2116 4287 discere
2153 4233 2355 4306 posset.
2438 4227 2670 4307 Opificis
2708 4228 2927 4288 labores
2966 4228 3158 4289 studiis
3198 4234 3541 4309 anteponens
3582 4228 3726 4289 labri
3767 4227 3981 4289 ferrarii
4022 4248 4184 4289 curae

1142 4326 1526 4387 mandabatur.
1607 4329 1688 4387 At
1739 4326 1924 4388 mallei
1961 4328 2248 4405 gravitatis
2287 4348 2411 4389 cum
2452 4329 2630 4410 ipsum
2670 4336 2977 4411 pertaesum
3020 4336 3195 4403 esset,
3248 4330 3425 4392 literis
3463 4350 3689 4413 operam
3728 4349 3931 4391 navare
3966 4330 4182 4411 eoepit,

1147 4428 1317 4508 idque
1375 4428 1587 4509 optimo
1645 4448 1769 4490 cum
1829 4434 2046 4491 eventu.
2144 4430 2350 4491 Studiis
2390 4429 2715 4491 academicis
2754 4432 2991 4513 primum
3030 4432 3299 4509 Lovanii,
3345 4433 3546 4496 deinde
3585 4435 3874 4496 Bononiae
3908 4432 4186 4504 decursis,

1207 4688 1260 4752 ¹'‘)
1277 4652 1384 4738 ‘De
1444 4698 1835 4737 noenum-:Tmo
1882 4687 2168 4754 ceterisque,
2221 4702 2338 4753 quos
2388 4686 2608 4751 laudavi,
2653 4688 2837 4756 patriae
2883 4676 3153 4741 medicinae
3196 4690 3471 4743 vindicibus
3518 4690 3661 4758 plura
3701 4694 3895 4754 notare,
3938 4706 4081 4759 quam
4128 4691 4190 4745 in

1143 4768 1375 4819 Oratione
1415 4768 1772 4817 commemorari
1811 4770 2096 4833 potuerunt,
2131 4768 2195 4818 iis
2232 4769 2457 4837 inprimis
2488 4774 2808 4837 opportunum
2846 4771 2961 4822 duxi
2994 4771 3286 4839 lectoribus,
3318 4774 3402 4841 qui
3434 4774 3597 4826 minus
3633 4774 3810 4825 veruti
3848 4773 3949 4824 sint
3982 4773 4037 4824 iu
4066 4774 4195 4826 artis

1135 4848 1361 4900 salutaris
1394 4850 1700 4917 ipsorumque
1733 4850 1971 4901 artificum
2002 4848 2222 4903 historia.
