4728 5991
1135 600 1266 667 IM
2309 597 3000 682 G.LcoacQ

1129 808 1274 868 filius
1323 814 1441 881 est,
1491 806 1733 868 medicus
1781 806 2168 868 Alcmarianus
2219 805 2442 868 dieitur.
2538 807 2796 870 Fortasse
2844 807 3081 889 primum
3122 787 3375 868 Harlemi
3390 851 3407 878 ,
3450 805 3651 870 deinde
3692 807 4005 868 Alcman-iae
4046 808 4175 870 sahi·

1129 919 1305 972 tarem
1345 918 1520 972 artem
1561 909 1855 972 factitavit.

1214 1012 1290 1093 ¹⁰)
1352 1014 1719 1074 Hanauuns
1778 1029 1987 1072 remus
2047 1016 2156 1088 (na
2210 1014 2425 1087 ronan)
2479 1031 2627 1071 anno
2675 1015 2825 1071 1511
2872 1013 3109 1072 honesto
3148 1031 3355 1088 genere
3394 1012 3625 1073 Homae
3662 1019 3853 1085 natus,
3896 1017 4174 1094 postquam

1127 1115 1418 1176 Bononiae
1459 1135 1704 1178 summos
1741 1115 1799 1174 in
1845 1115 2124 1176 medicina
2165 1114 2406 1173 honores
2446 1119 2771 1174 consecutus
2812 1120 2961 1184 erat,
3014 1113 3251 1193 primum
3292 1112 3353 1172 in
3393 1113 3635 1190 Anglia,
3678 1112 3879 1174 deinde
3920 1115 4175 1188 Horma,

1127 1224 1244 1280 tum
1315 1218 1567 1279 Har-lami
1585 1263 1600 1288 ,
1663 1217 1902 1297 denique
1961 1216 2318 1294 Medioburgi
2378 1217 2673 1277 salutarem
2730 1223 2905 1276 artem
2962 1213 3225 1276 exercuit.
3320 1215 3629 1276 cathedrae
3690 1215 3953 1284 Leidensi
4008 1217 4173 1297 ipmm

1123 1322 1458 1386 destinatum
1515 1321 1716 1391 fixisse,
1772 1321 2012 1398 legimus
2062 1320 2122 1380 in
2173 1337 2254 1380 10.
2315 1335 2573 1380 numu
2622 1320 2829 1379 Athen.
2876 1321 3017 1377 But.
3056 1337 3113 1397 p.
3158 1320 3255 1377 98.
3338 1321 3417 1398 At
3456 1316 3576 1398 ipso
3618 1337 3766 1378 anno
3812 1321 3965 1381 1575
4010 1323 4175 1379 Arne-

1120 1424 1319 1486 mudae
1377 1424 1541 1484 obiit.
1623 1423 1710 1484 De
1773 1423 1887 1483 vita
1948 1429 2007 1483 et
2065 1422 2286 1503 scriptis
2341 1401 2505 1482 mnfl
2566 1421 2713 1480 illius
2774 1422 3127 1482 emiserantur
3188 1435 3430 1493 vanus,
3502 1419 3729 1497 Ονοηῆὲ
3786 1441 3893 1481 m
3950 1423 4176 1493 Hom,

1119 1549 1174 1609 p.
1235 1531 1347 1589 637
1411 1546 1598 1607 seqq.,
1659 1543 1953 1595 torrens,
2013 1526 2165 1586 Bibl.
2208 1528 2370 1601 Bezq.
2410 1526 2483 1585 Τ.
2528 1525 2557 1584 ῐ
2580 1569 2596 1595 ,
2636 1545 2693 1604 p.
2737 1528 2813 1584 14
2854 1543 3003 1603 seq„
3046 1538 3263 1584 comm
3308 1520 3631 1595 n'ascuar,
3672 1523 3980 1585 Hollmd’e
4018 1527 4176 1584 Rosa

1117 1631 1180 1692 ἐκ
1231 1633 1482 1692 Kmten
1539 1650 1608 1690 αι
1658 1630 2150 1705 Wetenschappm,
2206 1630 2323 1700 IV,
2378 1632 2429 1690 1.
2480 1649 2537 1708 p.
2583 1632 2699 1688 123
2742 1647 2895 1707 seq„
2950 1626 3063 1686 alii.
3144 1624 3319 1684 Filius
3360 1624 3601 1686 eiusdem
3622 1670 3637 1697 ,
3680 1641 3905 1686 paraus
3946 1641 4175 1704 miuus,

1113 1735 1214 1814 qui
1255 1733 1428 1816 patris
1468 1734 1800 1794 memoriam
1841 1731 2124 1812 epitaphio
2169 1732 2587 1802 cohonestavit,
2628 1729 2747 1812 ipse
2786 1731 3029 1791 medicus
3068 1729 3175 1790 init
3214 1729 3347 1788 artis
3387 1727 3766 1809 peritissimus.

1201 1835 1278 1918 ¹¹)
1337 1836 1576 1898 Pauus
1635 1851 1939 1895 ronasrus
1995 1837 2150 1908 (vau
2197 1839 2493 1908 ronnasr)
2536 1853 2682 1894 anno
2730 1838 2887 1893 1522
2928 1833 3103 1892 nobili
3142 1837 3309 1908 gente
3348 1837 3537 1903 natus,
3582 1838 3871 1912 postquam
3912 1831 4173 1903 Levanii,

1113 1939 1404 2000 Bononiae
1423 1982 1438 2009 ,
1497 1937 1712 1998 Patavii
1761 1943 1820 1997 et
1871 1937 2086 1996 Romae
2146 1957 2269 1996 cum
2319 1937 2443 1996 aliis
2460 1981 2473 2008 ,
2534 1944 2647 1996 tum
2690 1935 2941 2016 inprimis
2980 1933 3211 1994 medicis
3247 1931 3555 2015 disciplinis
3591 1953 3815 2015 operam
3856 1940 4171 2006 navaverat,

1113 2041 1353 2122 primum
1408 2042 1466 2100 in
1527 2039 1741 2109 Gallia,
1802 2044 1860 2099 et
1911 2038 2135 2118 quidem
2189 2059 2312 2099 eum
2355 2039 2609 2100 Lutetiae
2650 2037 2985 2098 Parisiorum
3006 2083 3021 2108 ,
3080 2043 3197 2096 tum
3240 2037 3408 2096 etiam
3446 2037 3741 2114 Pythnreis
3758 2083 3775 2109 ,
3817 2036 4019 2097 deinde
4058 2039 4176 2097 Ale·

1114 2144 1358 2217 mariae,
1417 2151 1608 2225 postea
1664 2141 1936 2222 Delphis,
1993 2141 2230 2220 denique
2285 2141 2485 2202 iterum
2539 2143 2599 2201 in
2650 2141 2821 2202 natali
2864 2139 3194 2200 medicinam
3235 2139 3529 2201 factitavit.
3608 2139 3769 2200 Obiit
3808 2159 3959 2200 anno
4007 2143 4173 2203 1⁵9⁷.

1110 2247 1202 2308 De
1240 2248 1350 2308 vita
1387 2263 1674 2320 roaasn,
1719 2265 1842 2305 cum
1883 2243 2075 2305 multis
2111 2243 2373 2317 eruditis,
2416 2262 2497 2304 10.
2536 2261 2839 2316 nanamo,
2884 2259 3039 2314 msa.
3062 2259 3354 2315 notario,
3396 2259 3583 2303 anna.
3604 2257 3887 2313 vesano,
3918 2257 4175 2305 uanam

1113 2367 1340 2423 ooan0,
1397 2366 1544 2410 που
1601 2365 1798 2420 vrmo,
1863 2365 1986 2408 uc.
2041 2363 2288 2418 srnvro,
2343 2363 2538 2408 rano
2592 2363 3075 2415 nonanus-sm,
3126 2345 3252 2406 aliis
3294 2345 3572 2406 amicitiae
3610 2344 4015 2406 necessitudine
4054 2365 4174 2406 eon·

1109 2453 1282 2513 iuneti
1301 2499 1316 2525 ,
1373 2453 1734 2513 conferantur
1781 2468 1862 2511 10.
1907 2467 2128 2510 uanus.
2190 2453 2400 2512 Athen.
2442 2454 2581 2510 But.
2624 2471 2679 2530 p.
2728 2451 2799 2511 ⁹7
2846 2468 2999 2530 seqq.
3044 2455 3101 2510 et
3140 2465 3371 2512 nouom
3414 2449 3473 2508 ll.
3516 2449 3587 2509 Τ.
3626 2449 3768 2509 XII.
3808 2469 3864 2528 p.
3910 2450 3983 2510 '15
4026 2467 4175 2528 seqq.

1192 2551 1270 2634 ¹¹)
1331 2552 1574 2614 Peractis
1638 2552 1992 2624 solennibus,
2053 2551 2257 2630 quibus
2327 2551 2659 2628 inaugurate
2712 2549 2821 2611 suit
2878 2550 3180 2612 Academia
3240 2550 3781 2628 Lugduno·Batara,
3836 2557 4175 2612 asseverante

1110 2673 1406 2729 nautam,
1455 2673 1760 2718 ronanus
1799 2653 2112 2716 orationem
2153 2654 2538 2736 pernuntiavit
2574 2655 2643 2714 ad
2687 2657 2868 2718 studia
2910 2653 3219 2716 medicinae
3254 2652 3714 2714 commendanda.
3796 2654 3954 2714 Num
3994 2652 4175 2714 lectio·

1112 2779 1211 2822 nes
1253 2761 1424 2822 etiarn
1466 2758 1728 2820 habuerit
1765 2756 2010 2836 adeoque
2050 2756 2334 2837 promissis
2375 2757 2623 2830 steterit,
2680 2779 2917 2839 quorum
2953 2772 3276 2819 canamus
3319 2755 3657 2816 mentionem
3700 2756 3867 2828 fecit,
3908 2757 4177 2818 incertum

1107 2861 1342 2924 videtur.
1425 2862 1516 2922 Cf.
1579 2861 1750 2922 docta
1805 2860 2202 2920 commentatio
2245 2860 2316 2920 cl.
2351 2877 2495 2922 naa.
2536 2878 2713 2923 comt.
2754 2879 2937 2922 anu.
2974 2875 3283 2922 sument
3320 2859 3395 2919 de
3434 2859 3581 2920 binis
3622 2858 3897 2938 prioribus
3936 2859 3995 2917 in
4042 2862 4177 2918 Aca·

1105 2963 1290 3026 demin
1342 2962 1608 3025 Leidensi
1659 2960 1971 3024 medicinae
2011 2961 2447 3043 professoribus,
2486 2963 2701 3027 inserta
2732 2964 2911 3027 diario
2926 3008 2947 3038 ,
2988 2962 3077 3024 cui
3118 2961 3343 3024 titulusz
3386 2962 3801 3023 Nedon-laudens
3846 2959 4176 3039 wdecim

1105 3086 1240 3129 mr
1285 3064 1736 3137 amoenae?
1781 3084 1836 3127 a.
1880 3068 2057 3125 1860.

1196 3168 1274 3245 ¹⁸)
1335 3170 1668 3230 Genaunes
1723 3184 1803 3227 na
1857 3182 2012 3227 noar
2062 3173 2222 3228 natus
2277 3175 2363 3229 est
2416 3170 2476 3230 in
2532 3191 2677 3252 pago
2720 3170 2941 3231 Gelriae
2982 3168 3233 3247 Rijcwijk
3274 3191 3326 3230 a.
3376 3172 3567 3242 1587,
3626 3168 3859 3229 denatae
3898 3188 3953 3229 a.
4000 3168 4175 3231 15⁹⁹.

1108 3272 1200 3334 Cf.
1265 3289 1462 3333 naara.
1520 3270 1916 3342 nonanus,
1981 3270 2154 3331 Index
2210 3273 2357 3333 alter
2392 3274 2744 3349 plantamus,
2800 3292 2939 3352 qaae
2991 3272 3051 3332 in
3096 3274 3262 3332 borco
3306 3273 3486 3333 Aeoed.
3531 3272 3707 3347 Lnyd.
3751 3272 3893 3331 Bet.
3930 3271 4173 3329 abatur.

1111 3376 1176 3438 P.
1213 3378 1265 3437 Ι.
1310 3396 1366 3457 p.
1416 3380 1490 3436 19
1531 3396 1720 3456 seqq..
1761 3380 1820 3435 et
1861 3390 2196 3446 summa,
2236 3377 2278 3435 1.
2318 3377 2360 3437 l.

1195 3477 1278 3558 ¹⁴)
1338 3480 1606 3539 Ioannes
1670 3494 1794 3539 van
1859 3492 2102 3537 unumne
2161 3477 2405 3540 Traiecti
2456 3478 2527 3539 ad
2584 3479 2843 3541 Rhenum
2900 3497 3047 3539 anno
3114 3480 3269 3537 1543
3324 3482 3519 3547 natus,
3572 3480 3863 3556 postquam
3904 3472 4173 3546 Iaovanii,

1107 3582 1364 3643 Lutetiae
1417 3580 1751 3642 Parisiorum
1809 3587 1864 3639 et
1919 3578 2131 3639 Patavii
2189 3578 2617 3639 clarissimorum
2679 3579 2916 3640 virorum
2968 3576 3316 3639 institutione
3357 3594 3483 3637 usus
3522 3580 3675 3647 erat,
3714 3576 3777 3635 in
3818 3575 4177 3636 universitate

1104 3684 1388 3746 'licinensi
1445 3682 1752 3745 medicinae
1801 3682 2002 3742 doctor
2039 3686 2256 3742 creatae
2293 3687 2397 3743 est.
2478 3685 2549 3742 In
2590 3681 2823 3763 patriam
2878 3680 3050 3741 redux
3090 3678 3333 3741 Traiecti
3375 3679 3669 3739 salutarem
3713 3684 3891 3738 artem
3930 3677 4179 3739 omnium

1103 3789 1364 3868 applausu
1420 3786 1728 3857 factitavit,
1785 3784 1966 3846 donec
2013 3806 2070 3845 a.
2113 3788 2265 3847 1581
2307 3785 2369 3845 in
2412 3784 2714 3846 Academia
2752 3784 3267 3863 Lugduno-Batava
3306 3781 3615 3842 medicinae
3654 3779 3941 3842 Professor
3978 3798 4176 3841 renun-

1101 3889 1270 3951 tiatus
1323 3888 1415 3950 sit.
1499 3888 1659 3950 Obiit
1715 3909 1768 3949 a.
1835 3890 2014 3949 1601.
2097 3888 2431 3950 conteratur
2486 3888 2629 3949 vitae
2680 3887 2976 3969 descriptio
3032 3885 3102 3947 ad
3152 3906 3305 3947 num.
3348 3891 3385 3947 9
3443 3883 3694 3957 laudata,
3748 3882 4053 3965 praemissa
4088 3899 4177 3943 10.

1107 4008 1366 4055 nauaun
1407 3993 1573 4067 Oper.
1621 3993 1804 4064 Omn„
1848 4000 1968 4052 tum
2011 3991 2178 4051 etiam
2224 4006 2525 4051 uuasms
2568 3990 2607 4049 l.
2653 3992 2692 4048 l.
2736 4008 2795 4069 p.
2842 3991 2957 4048 135
2998 4006 3154 4066 seqq.

1191 4092 1270 4166 ¹⁸)
1315 4116 1346 4145 ο
1369 4094 1506 4153 Erat
1562 4094 1912 4153 Gubernator
1962 4091 2134 4164 ille,”
2191 4092 2272 4153 sic
2325 4111 2445 4153 rem
2486 4098 2709 4152 enarrat
2747 4108 2907 4149 orno
2952 4104 3257 4151 acuamus
3300 4114 3331 4143 ο
3350 4088 3623 4149 Dominus
3656 4088 3731 4147 de
3770 4088 4175 4148 Noortcarmes

1102 4192 1176 4253 ab
1209 4194 1480 4273 Hispanis
1509 4194 1836 4273 quibusdam
1871 4214 2084 4255 veneno
2117 4194 2437 4275 potionatus
2454 4239 2469 4267 ,
2498 4193 2644 4255 unde
2672 4193 2733 4253 in
2772 4193 3101 4253 virulentum
3142 4190 3601 4253 taediosissimum
3628 4190 3901 4251 inciderat
3918 4189 4177 4253 interum·

1107 4294 1234 4375 Ipse
1293 4302 1350 4356 et
1407 4314 1628 4355 eausam
1684 4296 1865 4355 morbi
1923 4297 2010 4355 sui
2067 4301 2296 4355 noverat
2352 4302 2411 4355 et
2460 4294 2871 4357 immedicabile
2928 4296 3136 4355 malum
3180 4312 3303 4355 csse
3342 4293 3647 4373 sentiebat5
3706 4300 3771 4355 ut
3808 4298 3997 4353 tamen
4040 4291 4179 4353 mali

1102 4398 1342 4459 taedium
1398 4398 1694 4471 leniretur,
1753 4398 1907 4458 iubet
1963 4398 2134 4459 totius
2193 4398 2441 4475 regionis
2495 4398 2741 4460 medicos
2798 4398 3108 4459 convocari.
3205 4397 3323 4457 Ubi
3360 4398 3420 4459 in
3462 4398 3631 4459 domo
3670 4398 3845 4479 ipsius
3887 4394 4179 4457 convenis·

1100 4505 1253 4571 sent,
1325 4500 1560 4581 imperat
1609 4504 1670 4561 ut
1723 4518 1836 4558 non
1891 4518 2086 4561 omnes
2141 4500 2332 4571 simul,
2388 4520 2494 4561 nec
2557 4500 2721 4561 etiam
2782 4500 2891 4560 duo
2944 4503 3034 4560 rel
3072 4506 3187 4560 tres
3222 4499 3492 4573 iunctim,
3544 4500 3643 4561 sed
3682 4497 3887 4575 singuli
3926 4514 4177 4557 seorsum

1101 4604 1360 4663 conclave
1417 4622 1576 4663 suum
1639 4600 2094 4679 ingrederentur,
2153 4600 2360 4661 addens
2424 4622 2483 4663 se
2538 4603 2773 4664 liberum
2829 4602 3090 4683 cuiusque
3148 4604 3291 4664 veile
3328 4603 3517 4665 audire
3558 4601 3854 4678 iudicium,
3914 4618 4023 4661 nec
4066 4598 4176 4659 sub

1093 4704 1390 4782 tyrannide
1443 4702 1898 4765 contradictionis
1955 4708 2014 4763 ct
2069 4702 2457 4784 disputationis
2506 4726 2661 4767 suam
2704 4708 2935 4766 salutem
2976 4724 3287 4786 exponere,
3332 4706 3439 4767 sibi
3481 4705 3761 4767 decretum
3805 4724 3959 4781 esse;
3985 4744 4175 4764 .....

1099 4804 1317 4884 Singuli
1371 4806 1541 4885 igitur
1597 4826 1844 4867 seorsum
1896 4805 2296 4867 Gubernatoris
2345 4808 2605 4870 conclave
2638 4808 3054 4886 ingrediuntur,
3128 4808 3339 4889 priores
3378 4808 3622 4870 seniores
3638 4852 3655 4881 ,
3696 4806 3942 4868 iuniores
3984 4808 4176 4887 poste·
