4728 5991
1094 608 1225 678 258
2040 606 2113 673 E.
2182 605 2233 670 1.
2304 601 2629 668 DIEST
2697 597 3200 666 LORGION

1094 811 1473 890 Catholicis
1525 809 1784 886 scilicet
1802 868 1825 899 ,
1874 809 2003 908 qui
2048 808 2532 884 auctoritatem
2589 805 2882 881 Patrum
2929 812 3286 904 tantopere
3329 804 3671 896 efferunt,
3721 804 3928 880 variis
3975 812 4138 880 tem-

1096 933 1387 1034 poribus
1425 931 1759 1030 dogmata
1776 940 1945 1004 sunt
1983 935 2295 1027 recepta,
2334 951 2514 1025 quae
2537 951 2700 1002 cum
2725 925 3037 1002 doctrina
3055 927 3344 1000 Patrum
3373 926 3662 1002 minime
3689 926 4140 1002 conveniunt:

1096 1053 1429 1150 dogmata
1478 1073 1545 1124 ν.
1588 1073 1647 1124 c.
1704 1044 2498 1122 transsubstantiationis
2519 1103 2540 1133 ,
2589 1045 2938 1144 Paparum
2993 1043 3507 1120 infallibilitatis
3526 1105 3548 1135 ,
3599 1046 3866 1122 Mariae
3904 1045 4142 1122 imma-

1096 1172 1365 1246 culatae
1427 1166 1895 1267 conceptionis
1920 1224 1942 1254 ,
2012 1189 2193 1264 quae
2262 1189 2406 1239 non
2453 1172 2731 1240 tantum
2774 1163 2966 1264 apud
3013 1163 3254 1240 Patres
3303 1189 3444 1241 non
3491 1165 3979 1254 inveniuntur,
4027 1165 4146 1241 sed

1098 1291 1313 1366 etiam
1370 1288 1709 1364 contraria
1768 1292 1938 1361 sunt
1978 1285 2331 1360 doctrinae
2378 1285 2452 1358 in
2499 1307 2738 1359 eorum
2795 1284 3070 1384 scriptis
3117 1283 3380 1360 obviae.
3481 1285 3956 1360 Protestantee
3995 1309 4146 1360 con·

1102 1419 1248 1498 tra,
1298 1432 1725 1508 quamquam
1774 1404 2257 1482 auctoritatem
2298 1406 2592 1478 Patrum
2633 1413 3006 1503 negantes,
3055 1405 3172 1478 illa
3201 1403 3608 1478 anctoritate
3633 1405 3702 1478 in
3731 1404 3975 1478 multis
3995 1403 4150 1480 duci

1102 1553 1178 1604 se
1244 1527 1431 1626 passi
1508 1533 1693 1602 sunt.
1815 1525 2059 1599 Testes
2126 1532 2293 1598 sunt
2369 1523 2882 1598 Reformatores
2946 1523 3115 1622 ipsi,
3191 1523 3315 1622 qni
3377 1531 3714 1624 tanquam
3774 1523 4151 1600 doctrinam

1104 1649 1573 1722 Christianam
1638 1645 2017 1746 genuinam
2075 1651 2526 1746 receperunt,
2592 1666 2771 1741 quae
2849 1650 3112 1718 statuta
3179 1649 3346 1716 sunt
3401 1669 3448 1718 a
3491 1643 3798 1719 conciliis
3843 1667 4150 1718 oecume-

1102 1768 1313 1856 nicis,
1376 1766 1607 1865 quarti
1668 1763 2113 1864 potissimum
2172 1771 2245 1838 et
2290 1763 2521 1862 quinti
2565 1762 2840 1838 saeculi.
2945 1765 3042 1837 Et
3083 1761 3476 1862 symbolum
3523 1763 4075 1838 Athanasianum
4113 1787 4156 1838 a

1104 1883 1661 1960 Protestantibus
1730 1905 1935 1980 saepe
2004 1880 2182 1954 tanti
2249 1880 2514 1956 factum
2586 1890 2697 1956 est
2716 1938 2737 1970 ‚
2805 1887 2885 1956 ut
2927 1882 3018 1956 ab
3061 1906 3144 1957 eo
3191 1882 3508 1958 recedere
3553 1882 3748 1957 nefas
3795 1883 4152 1958 videretur.

1104 2005 1351 2080 Plures
1394 2003 1678 2101 insuper
1720 2000 1903 2075 inter
1942 2001 2414 2074 Protestantes
2481 2000 2609 2074 viri
2667 2001 3050 2076 doctissimi
3099 2001 3374 2100 saepius
3429 2003 3721 2078 Petrum
3773 2002 4162 2077 auctoritati

1107 2122 1501 2199 cedendum
1556 2121 1823 2220 opinati
1884 2129 2071 2195 sunt.
2170 2121 2259 2192 In
2302 2119 2716 2194 memoriam
2767 2129 3117 2210 revocate,
3169 2145 3469 2220 quaeso,
3517 2143 4158 2210 nsnsncmom,

1110 2243 1235 2342 qui
1255 2299 1277 2330 ,
1322 2242 1417 2316 ad
1460 2239 1969 2315 defendendam
2018 2263 2349 2314 nuruum
2399 2239 2816 2314 sententiam
2855 2239 2943 2313 de
2985 2265 3176 2316 sacra
3218 2265 3430 2316 coena
3469 2249 3710 2316 contra
3740 2263 4162 2316 zwmommr
4283 2325 4304 2338 .

1111 2363 1403 2458 eiusque
1449 2369 1888 2450 sectatoress
1921 2360 2231 2434 libellum
2284 2359 2549 2449 edidit,
2599 2359 2716 2434 cui
2763 2359 3050 2434 titulus:
3111 2363 3512 2436 Sententiae
3563 2369 3858 2436 veteram
3909 2362 4166 2460 aliquot

1110 2483 1511 2578 scriptorum
1574 2481 1661 2554 dc
1735 2505 1941 2554 coena
2013 2481 2333 2566 Domim,
2408 2477 2483 2552 in
2553 2503 2694 2576 quo
2761 2479 3064 2578 plurima
3125 2481 3429 2555 citantur
3489 2481 3640 2555 loca
3699 2505 3786 2555 ex
3841 2479 4166 2578 operibus

1115 2621 1454 2687 πωπω,
1520 2622 2032 2674 cantsos‘rom
2054 2655 2075 2687 ‚
2138 2621 2740 2686 rnnornrnac'rr,
2804 2623 3141 2690 firman,
3195 2623 3582 2689 crraum,
3635 2623 3982 2689 mnsam,
4031 2623 4162 2674 ut·

1114 2741 1361 2794 sacen
1411 2741 1495 2793 co
1538 2719 1824 2794 consilio
1843 2777 1867 2808 ,
1916 2727 1999 2793 ut
2043 2718 2293 2794 veritas
2336 2740 2666 2793 nummu
2713 2719 3094 2794 sententiae
3139 2719 3542 2796 vindicetur.
3631 2721 3878 2798 Quum
3933 2727 4162 2793 autom

1114 2859 1731 2913 oaconauramus
1798 2838 2009 2911 huius
2074 2835 2291 2910 libelli
2332 2835 2824 2912 refutationem
2873 2827 3244 2926 edidisset,
3304 2839 3378 2913 in
3435 2865 3576 2938 qua
3621 2838 4164 2925 demonstratur,

1116 2980 1442 3033 nemnem
1486 2957 1905 3033 sententiam
1945 2980 2087 3031 non
2127 2955 2492 3041 convenire
2537 2981 2702 3031 cum
2745 2957 3036 3033 Petrum
3086 2959 3460 3049 sententia,
3508 2979 4008 3033 namucum«
4051 2956 4164 3032 ho·

1114 3100 1277 3151 rum
1326 3076 1577 3175 scripta
1626 3076 1883 3151 iterum
1922 3077 2151 3175 eoepit
2190 3077 2560 3175 inquirere.
2669 3079 2868 3153 Tunc
2922 3078 3320 3180 intelligens
3340 3137 3362 3168 ,
3422 3078 3630 3154 aliam
3689 3104 3841 3153 esse
3883 3079 4166 3153 Patr-um

1120 3195 1507 3269 doctrinam
1572 3194 1660 3269 de
1724 3220 1915 3270 sacra
1980 3220 2191 3271 coena
2210 3252 2232 3285 ,
2301 3195 2510 3270 aliam
2574 3220 2900 3272 nurnnar
2925 3257 2947 3287 ,
3015 3198 3429 3273 sententiam
3491 3198 3789 3273 mutavit
3849 3208 3924 3271 et
3971 3194 4168 3271 amici

1120 3324 1353 3413 partes
1428 3314 1505 3389 in
1582 3338 1669 3389 oo
1730 3315 2105 3391 certamine
2161 3314 2464 3413 reliquit.
2584 3317 2960 3392 Provocare
3027 3318 3238 3393 etiam
3307 3339 3596 3417 possum
3659 3318 3752 3391 ad
3819 3338 4166 3391 summum

1122 3434 1349 3507 virum
1408 3454 1771 3509 nuscum
1838 3457 2172 3510 cnorum
2194 3493 2215 3523 ‚
2285 3435 2411 3509 sed
2477 3436 2670 3534 quod
2729 3435 3046 3536 inprimis
3107 3437 3200 3513 ob
3251 3438 3488 3511 oculos
3531 3436 3794 3525 habeo,
3855 3458 3996 3511 non
4044 3433 4168 3507 boc

1122 3564 1271 3642 est,
1320 3552 1534 3627 fuisse
1572 3553 1755 3628 inter
1793 3554 2266 3629 Protestantes
2288 3613 2310 3644 ,
2362 3554 2488 3653 qui
2526 3554 2602 3629 in
2645 3554 2792 3629 suis
2832 3554 3420 3655 disputationibus
3459 3556 3716 3630 diserte
3751 3554 3846 3629 ad
3884 3554 4164 3629 Patrum

1124 3674 1605 3749 auctoritatem
1674 3673 2112 3773 appellarunt
2129 3706 2152 3762 ς
2222 3698 2466 3749 verum
2531 3674 2608 3748 id
2675 3684 2910 3774 specto
2928 3733 2951 3764 ,
3021 3676 3280 3750 multos
3323 3674 3780 3763 contendere,
3843 3674 3964 3749 illa
4003 3673 4166 3770 dog-

1124 3804 1351 3883 mata,
1425 3818 1607 3892 quae
1668 3793 1977 3868 Ecclesia
2020 3818 2063 3868 a
2105 3794 2352 3893 primis⁴
2389 3793 2554 3868 inde
2591 3794 2882 3869 saeculis
2925 3794 3262 3884 credidit,
3321 3794 3614 3869 firmiter
3653 3818 3806 3868 esse
3849 3792 4163 3868 tenenda.

1123 3916 1505 3988 Ecclesiam
1576 3911 1819 3988 dicunt
1840 3971 1861 4000 ,
1934 3936 2073 3988 non
2123 3914 2409 4010 quidem
2460 3913 2720 3987 Patres
2758 3914 3297 3989 Ecclesiasticus.
3387 3914 3478 3997 ,Si
3516 3922 3754 3987 autem
3799 3936 3949 3987 rem
3997 3910 4168 3985 bene

1126 4032 1639 4105 consideramus
1659 4090 1682 4119 ,
1744 4031 2139 4105 videbimus
2191 4030 2436 4105 eodem
2501 4030 2766 4118 redire,
2833 4038 3072 4105 utrum
3130 4030 3511 4105 Ecclesiam
3555 4029 3830 4117 dicant,
3879 4052 3974 4103 an
4019 4050 4167 4101 vero

1128 4148 1389 4223 Patres
1408 4206 1431 4237 ,
1480 4148 2047 4247 quandoquidem
2090 4148 2404 4227 Ecclesia
2439 4148 2528 4222 iis
2565 4148 2998 4247 temporibus
3015 4208 3040 4239 ,
3089 4148 3347 4247 quibus
3393 4148 3726 4248 dogmata
3759 4148 3878 4223 illa
3917 4154 4168 4223 statuta

1133 4276 1297 4339 sunt
1316 4324 1337 4353 ,
1404 4266 1695 4341 Patrum
1754 4268 2165 4343 auctoritate
2222 4266 2628 4343 ducebatur.
2731 4268 2948 4346 de
3003 4266 3094 4343 ab
3135 4267 3442 4343 Ecclesia
3483 4267 3737 4343 dicitur
3775 4267 4128 4343 decretum
4145 4322 4165 4353 ‚

1130 4383 1419 4459 concilia
1482 4384 1931 4460 decreverunt
1953 4444 1973 4475 ,
2042 4387 2117 4460 in
2185 4385 2442 4486 quibus
2486 4386 2812 4485 Episcopi
2859 4387 3260 4487 congregati
3299 4395 3536 4477 erant,
3589 4386 3772 4463 inter
3818 4412 4002 4487 quos
4039 4387 4166 4459 Pa·

1132 4512 1276 4577 tres
1335 4502 1757 4579 eminebant.
1856 4505 2261 4595 Praeterea,
2325 4512 2636 4595 constat,
2704 4508 3060 4606 quandam
3109 4532 3260 4583 esse
3308 4507 3804 4597 traditionem„
3847 4532 3892 4582 a
3953 4502 4167 4581 Patri-

1130 4622 1269 4697 bus
1330 4622 1829 4699 Ecciesiasticis
1884 4624 2223 4724 originem
2270 4634 2700 4725 repetentem
2717 4684 2736 4715 ,
2787 4627 2860 4701 in
2911 4626 3472 4727 interpretatione
3519 4626 3886 4702 Sacrorum
3933 4624 4170 4700 Libro-

1130 4767 1292 4818 rum
1313 4800 1335 4834 ,
1398 4742 1839 4819 traditionem
1900 4745 2364 4843 exegeticam,
2429 4754 2514 4821 nt
2564 4744 2848 4837 dicunt,
2895 4770 2942 4822 a
2987 4772 3134 4847 qua
3171 4746 3486 4823 recedere
3534 4746 3742 4822 multi
3781 4746 4176 4822 efiamnum
