4728 5991
1126 611 1216 680 34
2055 610 2260 677 ACTA
2312 611 2414 676 ET
2460 610 2718 677 GESTA
2768 612 2855 676 IN
2902 611 3240 678 SENATU.

1135 820 1268 895 Die
1333 823 1426 894 19
1477 844 1571 895 m.
1625 819 2080 920 Septembris,
2179 817 2593 894 Recitantur
2647 818 2883 894 literae
2930 818 3389 908 Curatorum‚
3438 819 3509 894 d.
3540 819 3610 893 d.
3664 821 3709 894 8
3758 826 3832 892 et
3882 821 3979 893 30
4024 819 4187 895 Iulii

1117 920 1124 928 ⁸
1469 949 1542 1016 et
1591 944 1680 1016 12
1711 944 1901 1042 Aug.
1924 1000 1945 1032 ‚
1997 940 2256 1041 quibus
2301 964 2466 1014 cum
2516 939 2781 1015 Senatu
2824 938 3382 1028 communicant,
3434 939 3657 1014 virum
3700 938 4177 1014 doctissimum

1472 1085 1523 1139 1.
1571 1085 1651 1138 M.
1707 1083 2086 1150 sennam,
2136 1059 2330 1136 Med.
2380 1059 2581 1136 Doct.
2606 1117 2627 1148 ,
2678 1083 2721 1134 a
2766 1058 2963 1160 Rege
3018 1059 3465 1158 designatum
3516 1083 3667 1134 esse
3715 1059 4180 1134 Professorem

1469 1181 1544 1258 in
1594 1181 1835 1258 ordine
1880 1181 2320 1257 Medicorum
2364 1178 2793 1254 ordinarium
2813 1238 2835 1266 ,
2882 1179 2957 1253 in
2998 1179 3225 1254 locum
3274 1179 3401 1253 viri
3448 1177 3810 1254 clarissimi
3850 1205 3914 1254 c.
3949 1203 4179 1255 Pnurs

1478 1326 1628 1378 vm
1703 1326 1853 1378 nnn
1925 1323 2221 1377 nonvnn
2243 1359 2264 1389 ‚
2333 1299 2847 1400 septuagenarii
2864 1333 2883 1389 ;
2935 1299 3027 1375 ad
3087 1325 3347 1375 munus
3399 1298 3810 1375 Professoris
3854 1300 4183 1376 ordinarii

1475 1423 1549 1497 in
1623 1423 1982 1500 Facultate
2047 1419 2536 1520 Philosophiae
2590 1419 3031 1498 Theoi-eticae
3098 1427 3169 1494 et
3220 1419 3607 1496 Literarum
3668 1421 4182 1496 Humaniorum

1473 1543 1602 1618 hac
1634 1543 1711 1618 in
1756 1543 2139 1619 Academia
2177 1541 2583 1617 obeundum
2612 1567 2655 1618 a
2696 1543 2892 1641 Rege
2930 1550 3247 1616 vocatum
3270 1565 3419 1616 esse
3452 1541 3671 1616 virum
3700 1541 4181 1618 doctissimum

1477 1687 1566 1741 w,
1598 1688 1668 1740 e.
1701 1657 2117 1751 aaronis,
2160 1661 2341 1737 Phil.
2389 1659 2637 1736 Theor.
2667 1662 2904 1760 Mag,
2952 1661 3125 1736 Litt.
3164 1661 3385 1736 Hum.
3412 1661 3616 1736 Doct.
3639 1687 3659 1748 3
3708 1660 4179 1736 Bibliothecae

1473 1783 1932 1859 Academicae
1973 1783 2111 1857 huc
2158 1787 2401 1881 usque
2434 1781 2857 1881 praefectum
2878 1813 2898 1871 3
2950 1789 3023 1856 et
3072 1781 3293 1856 virum
3336 1781 3848 1880 amplissimum
3894 1805 3961 1857 n.
4008 1807 4061 1858 1.
4107 1806 4179 1858 A.

1471 1905 1820 1980 Comitem
1859 1903 1903 1978 a
1945 1925 2283 1978 armum·
2305 1961 2327 1991 ,
2378 1901 2796 1977 Academiae
2837 1901 3241 1977 Curatorem
3263 1960 3284 1992 ,
3334 1901 3485 2002 ipso
3537 1911 3853 2002 petente,
3904 1928 3947 1977 a
3986 1903 4181 2002 Rege

1473 2050 1512 2098 e
1570 2025 1990 2100 Curatorum
2043 2023 2332 2122 collegio
2373 2021 2745 2097 honorifice
2787 2047 2938 2098 esse
2988 2023 3379 2099 dimissum.

1571 2145 1754 2220 Clar.
1820 2171 1907 2222 w.
1980 2171 2050 2220 G.
2124 2167 2502 2220 murenas
2570 2167 2831 2218 munus
2894 2144 3291 2247 auspicatur
3335 2142 3575 2218 habita
3620 2143 3974 2232 oratione,
4032 2168 4173 2243 qua

1487 2264 1956 2354 demonstrat,
2027 2267 2322 2340 studium
2392 2265 2823 2374 antiquarum
2891 2265 3274 2339 litterarum
3344 2289 3725 2339 mansurum
3782 2271 3853 2340 et
3896 2265 4175 2340 duratu-

1471 2411 1616 2460 rum
1668 2409 1832 2461 esee.
3060 2376 3073 2390 ⁶

1124 2505 1256 2580 Die
1325 2509 1416 2582 17
1465 2531 1560 2582 m.
1613 2505 1958 2581 Octobris.
2062 2505 2476 2593 Curatores,
2529 2503 2759 2578 missis
2808 2503 3025 2578 literis
3069 2503 3140 2580 d.
3182 2502 3251 2578 d.
3306 2505 3396 2576 13
3446 2503 3603 2578 Oct.
3628 2562 3650 2592 ,
3699 2529 3864 2580 cum
3914 2505 4176 2580 Senatu

1460 2627 2016 2715 communicant,
2086 2625 2230 2700 viro
2279 2623 2662 2700 clarissimo
2708 2649 2771 2700 c.
2818 2647 3046 2700 paors
3089 2644 3237 2698 vAN
3286 2647 3435 2698 nna
3481 2647 3822 2715 noman,
3871 2625 4055 2700 Prof.
4101 2625 4176 2698 in

1455 2747 1700 2823 ordine
1759 2747 2202 2822 Medicorum
2270 2745 2421 2820 ord.
2445 2803 2465 2833 ,
2546 2744 3073 2844 septuagenario
3091 2802 3113 2835 ,
3183 2767 3580 2820 concessam
3650 2769 3803 2821 esse
3866 2745 4171 2822 muneris

1367 2961 1376 2970 ·
1465 2866 1892 2942 vacationem
1914 2925 1934 2955 ,
1985 2865 2176 2941 salvo
2223 2863 2487 2940 honore
2538 2871 2611 2939 et
2660 2863 3031 2964 stipendiO.
3412 2855 3415 2860 ¹

1565 2983 1748 3059 Clar.
1797 3007 1849 3057 1.
1897 3006 1978 3059 M.
2032 3004 2371 3058 sennam·
2438 3007 2699 3059 munus
2762 2982 3161 3084 auspicatur
3226 2984 3465 3063 habita
3524 2985 3833 3063 oratione
3878 2985 4173 3088 inaugu-

1464 3104 1629 3194 rali,
1695 3104 1812 3180 cui
1872 3103 2122 3179 titulus
2145 3162 2165 3194 ,
2237 3128 2555 3179 sermone
2612 3105 3012 3181 vernaculo:
3084 3108 3265 3183 Over
3312 3109 3397 3183 de
3444 3108 3841 3207 empirtbche
3889 3110 4166 3184 ontwik·

1464 3226 1692 3326 keliny
1737 3252 1870 3301 van
1919 3226 2044 3301 ket
2083 3226 2570 3325 ziektebeyrip.

1121 3346 1258 3421 Die
1319 3342 1414 3421 20
1457 3336 1558 3421 m.
1611 3346 2042 3447 Decembris.
2144 3344 2519 3422 Candidati
2563 3352 2902 3446 quatuor,
2952 3372 2993 3421 e
3048 3346 3305 3447 quibus
3346 3348 3419 3423 in
3469 3372 3733 3425 annum
3779 3349 4170 3449 proximum

1465 3468 1722 3541 Rector
1759 3467 2186 3566 Magnificus
2224 3494 2267 3543 a
2313 3468 2513 3565 Rege
2558 3465 3059 3557 constituatur,
3110 3468 3564 3569 designantur
3610 3470 3735 3545 viri
3780 3470 4169 3547 clarissimi:

2055 3676 2119 3729 C.
2173 3676 2243 3729 G.
2299 3675 2550 3729 COBB'I'.

2058 3797 2136 3848 H.
2187 3796 2240 3847 1.
2295 3795 2811 3851 RALBRR'rsuA.

2051 3916 2122 3970 R.
2177 3916 2242 3967 Τ.
2295 3918 2372 3970 Η.
2428 3916 2489 3969 P.
2544 3916 2611 3968 1..
2664 3918 2734 3971 A.
2792 3916 2939 3969 VAN
2990 3917 3329 3973 BONEVAL
3378 3922 3638 3977 nunt.

2055 4035 2106 4089 1.
2159 4035 2210 4088 1.
2267 4034 2505 4089 Pruna.

1573 4212 1945 4289 Candidati
1995 4221 2273 4303 autem,
2325 4242 2364 4289 e
2417 4218 2674 4316 quibus
2722 4218 3021 4319 eligatur
3068 4222 3480 4313 ActuariuS,
3532 4222 3605 4297 hi
3656 4230 3856 4299 sunt:

2059 4438 2127 4491 1².
2179 4440 2246 4490 L.
2299 4440 2516 4493 RYKB.

2059 4558 2123 4611 C.
2179 4558 2248 4610 G.
2301 4558 2548 4612 COBET.

2053 4680 2126 4731 R.
2179 4678 2244 4731 Τ.
2298 4680 2375 4732 Η.
2428 4680 2493 4732 P.
2547 4682 2613 4733 L.
2666 4684 2735 4737 A.
2788 4684 2939 4737 VAN
2987 4688 3326 4740 BONEVAL
3376 4688 3635 4743 PAURE.

2056 4801 2106 4853 1.
2159 4799 2239 4851 M.
2291 4800 2653 4857 sclinAN‘l'.
