4728 5991
1279 1411 1597 1526 ACTA
1646 1412 1804 1525 ΕΤ
1853 1409 2244 1526 GESTA
2291 1411 2431 1524 IN
2483 1407 3015 1541 SENATU‚

1121 1704 1236 1786 ΙΝ
1313 1704 1942 1786 ACADEMlA
2023 1702 3197 1804 LUGDUNO-BATAVA.

1983 2460 2072 2537 A.
2130 2460 2340 2534 1862.

629 2723 766 2798 Die
887 2727 925 2798 1
979 2747 1072 2796 m.
1121 2719 1406 2820 Aprilis,
1508 2721 1920 2798 Recitantur
1982 2721 2221 2797 literae
2289 2722 2710 2798 curatorum
2766 2721 2836 2800 d.
2884 2721 2957 2796 d.
3000 2723 3044 2796 8
3088 2720 3331 2798 Martii
3349 2778 3371 2811 ‚
3420 2720 3681 2819 quibus

973 2839 1337 2931 nuntiant,
1381 2863 1775 2916 concessam
1819 2865 1970 2916 esse
2009 2839 2411 2918 Clarissimo
2450 2865 2501 2918 1.
2543 2863 2642 2916 nn
2684 2863 2851 2917 wan
2893 2848 3215 2942 rogatam
3264 2863 3392 2942 pro
3439 2840 3593 2940 ipso
3640 2866 3683 2916 a

973 2962 1237 3037 Senatu
1281 2985 1405 3061 per
1459 2961 1668 3037 unius
1713 2961 1882 3038 anni
1925 2961 2230 3063 spatium
2277 2961 2589 3039 muneris
2634 2961 3061 3038 vacationem
3083 3020 3105 3053 ,
3158 2985 3301 3061 qua
3348 2959 3441 3038 ad
3486 2960 3682 3037 resti-

976 3082 1312 3159 tuendam
1367 3081 1834 3159 valetudinem
1883 3107 2083 3159 suam
2135 3091 2376 3159 utatur
2418 3083 2582 3159 inde
2629 3108 2673 3158 a
2726 3082 2798 3157 d.
2856 3086 2931 3157 1⁰
2976 3109 3073 3163 m.
3126 3082 3305 3159 Maii
3343 3081 3681 3183 proximo.

636 3204 769 3279 Die
836 3206 927 3278 10
979 3228 1070 3280 m.
1123 3201 1334 3279 Iunii.
1439 3203 1738 3279 Senatus
1804 3203 2000 3304 luget
2069 3200 2344 3279 obitum
2414 3203 2543 3281 viri
2588 3202 2951 3281 clarissimi
2998 3228 3049 3282 1.
3104 3229 3178 3281 o.
3233 3225 3680 3293 nummu,

975 3324 1046 3399 d.
1099 3326 1194 3399 29
1245 3322 1422 3399 Maii
1471 3324 1612 3400 vita
1661 3320 1996 3397 defuncti.

1071 3442 1482 3519 Recitantur
1537 3444 1774 3519 literae
1833 3442 2253 3519 Curatorum
2295 3442 2367 3519 d.
2392 3442 2477 3517 ·d.
2530 3446 2623 3519 25
2670 3441 2886 3533 Maii,
2938 3442 3276 3517 Senatum
3318 3440 3677 3517 certiorem

973 3562 1374 3638 facientium
1397 3619 1419 3652 ‚
1491 3562 1716 3637 virum
1789 3562 2246 3637 clarissimum
2317 3586 2403 3639 w.
2468 3586 2531 3639 t.
2604 3588 2673 3639 n.
2728 3585 3142 3653 sumnam,
3208 3560 3671 3637 Professorem

973 3681 1111 3757 huc
1157 3705 1378 3781 usque
1420 3682 2036 3759 extraordinarium
2062 3741 2083 3772 ,
2130 3682 2205 3757 in
2252 3706 2627 3758 numerum
2671 3667 3149 3759 Professorum
3192 3682 3264 3770 in
3318 3682 3677 3757 Facultste

975 3801 1510 3903 Disciplinarum
1561 3802 2215 3879 Mathematicarum
2250 3810 2323 3877 et
2361 3802 2812 3902 Physicarum
2850 3801 3355 3878 ordinariorum
3390 3826 3433 3877 a
3477 3802 3674 3902 Rege

975 3946 1125 3997 esse
1173 3930 1598 4023 cooptatum.

643 4039 773 4115 Dic
887 4044 928 4113 5
985 4066 1076 4115 m.
1127 4040 1316 4117 Iulii.
1417 4042 1965 4118 Introducuntur
2005 4042 2078 4117 in
2131 4042 2469 4117 Senatum
2514 4049 2585 4116 et
2636 4040 3007 4117 solenniter
3060 4038 3501 4142 excipiuntur
3550 4041 3675 4117 viri

978 4160 1467 4251 illustrissimi,
1542 4162 1775 4262 Regni
1845 4160 2155 4262 Inponici
2224 4160 2562 4260 delegati,
2632 4183 2795 4237 cum
2872 4161 3211 4239 comitatu
3286 4185 3435 4238 suo,
3534 4162 3677 4237 Eos

979 4281 1319 4356 allocutus
1385 4290 1494 4356 est
1559 4282 1858 4356 Senatus
1920 4279 2200 4355 nomine
2265 4281 2521 4355 Rector
2571 4280 2997 4383 Magnificus
3042 4288 3255 4382 atque
3301 4280 3393 4357 ab
3445 4281 3531 4355 iis
3576 4304 3682 4356 re-

983 4423 1318 4500 sponsum
1385 4399 1584 4491 tulit,
1660 4424 1799 4500 quo
1869 4400 2377 4501 significarent,
2434 4400 2507 4475 in
2554 4400 2681 4476 hac
2738 4402 2991 4479 artium
3052 4409 3263 4502 atque
3324 4400 3679 4478 literarum

976 4520 1146 4595 sede
1189 4520 1476 4620 antiqua
1531 4545 1611 4596 ac
1655 4520 2099 4597 celeberrima
2145 4546 2423 4598 summo
2472 4545 2545 4597 se
2590 4521 3009 4601 reverentiae
3060 4546 3141 4598 ac
3183 4521 3425 4623 gaudii
3468 4546 3679 4598 sensu

981 4640 1307 4740 perfundi
1383 4650 1455 4716 et
1516 4665 1642 4742 pro
1709 4638 1860 4715 eius
1931 4638 2152 4713 salute
2213 4646 2546 4739 perpetua
2608 4648 2763 4729 vota
2836 4665 2910 4716 se
2972 4664 3376 4740 nuncupare
3436 4638 3681 4715 arden·

981 4760 1275 4835 tissima.

3306 4883 3349 4953 5
